%YAML 1.1
%TAG !u! tag:unity3d.com,2011:
--- !u!29 &1
SceneSettings:
  m_ObjectHideFlags: 0
  m_PVSData: 
  m_PVSObjectsArray: []
  m_PVSPortalsArray: []
  m_OcclusionBakeSettings:
    smallestOccluder: 5
    smallestHole: .25
    backfaceThreshold: 100
--- !u!104 &2
RenderSettings:
  m_Fog: 0
  m_FogColor: {r: .5, g: .5, b: .5, a: 1}
  m_FogMode: 3
  m_FogDensity: .00999999978
  m_LinearFogStart: 0
  m_LinearFogEnd: 300
  m_AmbientLight: {r: .200000003, g: .200000003, b: .200000003, a: 1}
  m_SkyboxMaterial: {fileID: 0}
  m_HaloStrength: .5
  m_FlareStrength: 1
  m_FlareFadeSpeed: 3
  m_HaloTexture: {fileID: 0}
  m_SpotCookie: {fileID: 0}
  m_ObjectHideFlags: 0
--- !u!127 &3
LevelGameManager:
  m_ObjectHideFlags: 0
--- !u!157 &4
LightmapSettings:
  m_ObjectHideFlags: 0
  m_LightProbes: {fileID: 0}
  m_Lightmaps: []
  m_LightmapsMode: 1
  m_BakedColorSpace: 0
  m_UseDualLightmapsInForward: 0
  m_LightmapEditorSettings:
    m_Resolution: 50
    m_LastUsedResolution: 0
    m_TextureWidth: 1024
    m_TextureHeight: 1024
    m_BounceBoost: 1
    m_BounceIntensity: 1
    m_SkyLightColor: {r: .860000014, g: .930000007, b: 1, a: 1}
    m_SkyLightIntensity: 0
    m_Quality: 0
    m_Bounces: 1
    m_FinalGatherRays: 1000
    m_FinalGatherContrastThreshold: .0500000007
    m_FinalGatherGradientThreshold: 0
    m_FinalGatherInterpolationPoints: 15
    m_AOAmount: 0
    m_AOMaxDistance: .100000001
    m_AOContrast: 1
    m_LODSurfaceMappingDistance: 1
    m_Padding: 0
    m_TextureCompression: 0
    m_LockAtlas: 0
--- !u!196 &5
NavMeshSettings:
  m_ObjectHideFlags: 0
  m_BuildSettings:
    agentRadius: .5
    agentHeight: 2
    agentSlope: 45
    agentClimb: .400000006
    ledgeDropHeight: 0
    maxJumpAcrossDistance: 0
    accuratePlacement: 0
    minRegionArea: 2
    widthInaccuracy: 16.666666
    heightInaccuracy: 10
  m_NavMesh: {fileID: 0}
--- !u!213 &39087144
Sprite:
  m_ObjectHideFlags: 0
  m_PrefabParentObject: {fileID: 0}
  m_PrefabInternal: {fileID: 0}
  m_Name: 1
  m_Rect:
    serializedVersion: 2
    x: 0
    y: 0
    width: 32
    height: 32
  m_Offset: {x: -16, y: -16}
  m_Border: {x: 0, y: 0, z: 0, w: 0}
  m_PixelsToUnits: 32
  m_Extrude: 0
  m_AtlasName: 
  m_PackingTag: 
  m_RD:
    texture: {fileID: 2800000, guid: 368672b332dce41efa962c6f2bb9fe01, type: 3}
    vertices:
    - serializedVersion: 2
      pos: {x: 0, y: 1, z: 0}
    - serializedVersion: 2
      pos: {x: 1, y: 1, z: 0}
    - serializedVersion: 2
      pos: {x: 0, y: 0, z: 0}
    - serializedVersion: 2
      pos: {x: 1, y: 0, z: 0}
    indices: 000001000200020001000300
    textureRect:
      serializedVersion: 2
      x: 0
      y: 0
      width: 32
      height: 32
    textureRectOffset: {x: 0, y: 0}
    settingsRaw: 128
    uvTransform: {x: 32, y: 0, z: 32, w: 0}
--- !u!213 &62613706
Sprite:
  m_ObjectHideFlags: 0
  m_PrefabParentObject: {fileID: 0}
  m_PrefabInternal: {fileID: 0}
  m_Name: 1
  m_Rect:
    serializedVersion: 2
    x: 0
    y: 0
    width: 32
    height: 32
  m_Offset: {x: -16, y: -16}
  m_Border: {x: 0, y: 0, z: 0, w: 0}
  m_PixelsToUnits: 32
  m_Extrude: 0
  m_AtlasName: 
  m_PackingTag: 
  m_RD:
    texture: {fileID: 2800000, guid: 368672b332dce41efa962c6f2bb9fe01, type: 3}
    vertices:
    - serializedVersion: 2
      pos: {x: 0, y: 1, z: 0}
    - serializedVersion: 2
      pos: {x: 1, y: 1, z: 0}
    - serializedVersion: 2
      pos: {x: 0, y: 0, z: 0}
    - serializedVersion: 2
      pos: {x: 1, y: 0, z: 0}
    indices: 000001000200020001000300
    textureRect:
      serializedVersion: 2
      x: 0
      y: 0
      width: 32
      height: 32
    textureRectOffset: {x: 0, y: 0}
    settingsRaw: 128
    uvTransform: {x: 32, y: 0, z: 32, w: 0}
--- !u!1 &80346459
GameObject:
  m_ObjectHideFlags: 0
  m_PrefabParentObject: {fileID: 0}
  m_PrefabInternal: {fileID: 0}
  serializedVersion: 4
  m_Component:
  - 4: {fileID: 80346460}
  - 212: {fileID: 80346461}
  m_Layer: 0
  m_Name: Ground[10, 31]
  m_TagString: Untagged
  m_Icon: {fileID: 0}
  m_NavMeshLayer: 0
  m_StaticEditorFlags: 0
  m_IsActive: 1
--- !u!4 &80346460
Transform:
  m_ObjectHideFlags: 0
  m_PrefabParentObject: {fileID: 0}
  m_PrefabInternal: {fileID: 0}
  m_GameObject: {fileID: 80346459}
  m_LocalRotation: {x: 0, y: 0, z: 0, w: 1}
  m_LocalPosition: {x: 10, y: -32, z: 0}
  m_LocalScale: {x: 1, y: 1, z: 1}
  m_Children: []
  m_Father: {fileID: 506991405}
  m_RootOrder: 12
--- !u!212 &80346461
SpriteRenderer:
  m_ObjectHideFlags: 0
  m_PrefabParentObject: {fileID: 0}
  m_PrefabInternal: {fileID: 0}
  m_GameObject: {fileID: 80346459}
  m_Enabled: 1
  m_CastShadows: 0
  m_ReceiveShadows: 0
  m_LightmapIndex: 255
  m_LightmapTilingOffset: {x: 1, y: 1, z: 0, w: 0}
  m_Materials:
  - {fileID: 716336221}
  m_SubsetIndices: 
  m_StaticBatchRoot: {fileID: 0}
  m_UseLightProbes: 0
  m_LightProbeAnchor: {fileID: 0}
  m_ScaleInLightmap: 1
  m_SortingLayerID: 0
  m_SortingOrder: 0
  m_Sprite: {fileID: 2036006136}
  m_Color: {r: 1, g: 1, b: 1, a: 1}
--- !u!21 &81278460
Material:
  serializedVersion: 3
  m_ObjectHideFlags: 0
  m_PrefabParentObject: {fileID: 0}
  m_PrefabInternal: {fileID: 0}
  m_Name: DefaultSpriteMaterial
  m_Shader: {fileID: 10753, guid: 0000000000000000e000000000000000, type: 0}
  m_ShaderKeywords: []
  m_CustomRenderQueue: -1
  m_SavedProperties:
    serializedVersion: 2
    m_TexEnvs:
      data:
        first:
          name: _MainTex
        second:
          m_Texture: {fileID: 2800000, guid: 368672b332dce41efa962c6f2bb9fe01, type: 3}
          m_Scale: {x: 1, y: 1}
          m_Offset: {x: 0, y: 0}
    m_Floats:
      data:
        first:
          name: PixelSnap
        second: 0
    m_Colors:
      data:
        first:
          name: _Color
        second: {r: 1, g: 1, b: 1, a: 1}
--- !u!1 &98151329
GameObject:
  m_ObjectHideFlags: 0
  m_PrefabParentObject: {fileID: 0}
  m_PrefabInternal: {fileID: 0}
  serializedVersion: 4
  m_Component:
  - 4: {fileID: 98151330}
  - 212: {fileID: 98151331}
  m_Layer: 0
  m_Name: Ground[9, 31]
  m_TagString: Untagged
  m_Icon: {fileID: 0}
  m_NavMeshLayer: 0
  m_StaticEditorFlags: 0
  m_IsActive: 1
--- !u!4 &98151330
Transform:
  m_ObjectHideFlags: 0
  m_PrefabParentObject: {fileID: 0}
  m_PrefabInternal: {fileID: 0}
  m_GameObject: {fileID: 98151329}
  m_LocalRotation: {x: 0, y: 0, z: 0, w: 1}
  m_LocalPosition: {x: 9, y: -32, z: 0}
  m_LocalScale: {x: 1, y: 1, z: 1}
  m_Children: []
  m_Father: {fileID: 506991405}
  m_RootOrder: 13
--- !u!212 &98151331
SpriteRenderer:
  m_ObjectHideFlags: 0
  m_PrefabParentObject: {fileID: 0}
  m_PrefabInternal: {fileID: 0}
  m_GameObject: {fileID: 98151329}
  m_Enabled: 1
  m_CastShadows: 0
  m_ReceiveShadows: 0
  m_LightmapIndex: 255
  m_LightmapTilingOffset: {x: 1, y: 1, z: 0, w: 0}
  m_Materials:
  - {fileID: 716336221}
  m_SubsetIndices: 
  m_StaticBatchRoot: {fileID: 0}
  m_UseLightProbes: 0
  m_LightProbeAnchor: {fileID: 0}
  m_ScaleInLightmap: 1
  m_SortingLayerID: 0
  m_SortingOrder: 0
  m_Sprite: {fileID: 1511219489}
  m_Color: {r: 1, g: 1, b: 1, a: 1}
--- !u!1 &119161625
GameObject:
  m_ObjectHideFlags: 0
  m_PrefabParentObject: {fileID: 100000, guid: 2fd5ba257b7ae425fbecd00024b1f243, type: 2}
  m_PrefabInternal: {fileID: 1704366900}
  serializedVersion: 4
  m_Component:
  - 4: {fileID: 119161629}
  - 212: {fileID: 119161628}
  - 50: {fileID: 119161627}
  - 61: {fileID: 119161626}
  - 114: {fileID: 119161630}
  m_Layer: 0
  m_Name: Exploding Enemy
  m_TagString: Untagged
  m_Icon: {fileID: 0}
  m_NavMeshLayer: 0
  m_StaticEditorFlags: 0
  m_IsActive: 1
--- !u!61 &119161626
BoxCollider2D:
  m_ObjectHideFlags: 0
  m_PrefabParentObject: {fileID: 6100000, guid: 2fd5ba257b7ae425fbecd00024b1f243,
    type: 2}
  m_PrefabInternal: {fileID: 1704366900}
  m_GameObject: {fileID: 119161625}
  m_Enabled: 1
  m_Material: {fileID: 0}
  m_IsTrigger: 0
  m_Size: {x: 1, y: 1}
  m_Center: {x: 0, y: 0}
--- !u!50 &119161627
Rigidbody2D:
  m_ObjectHideFlags: 0
  m_PrefabParentObject: {fileID: 5000000, guid: 2fd5ba257b7ae425fbecd00024b1f243,
    type: 2}
  m_PrefabInternal: {fileID: 1704366900}
  m_GameObject: {fileID: 119161625}
  m_Mass: 1
  m_LinearDrag: 0
  m_AngularDrag: .0500000007
  m_GravityScale: 1
  m_FixedAngle: 0
  m_IsKinematic: 0
  m_Interpolate: 0
  m_SleepingMode: 1
  m_CollisionDetection: 0
--- !u!212 &119161628
SpriteRenderer:
  m_ObjectHideFlags: 0
  m_PrefabParentObject: {fileID: 21200000, guid: 2fd5ba257b7ae425fbecd00024b1f243,
    type: 2}
  m_PrefabInternal: {fileID: 1704366900}
  m_GameObject: {fileID: 119161625}
  m_Enabled: 1
  m_CastShadows: 0
  m_ReceiveShadows: 0
  m_LightmapIndex: 255
  m_LightmapTilingOffset: {x: 1, y: 1, z: 0, w: 0}
  m_Materials:
  - {fileID: 10754, guid: 0000000000000000e000000000000000, type: 0}
  m_SubsetIndices: 
  m_StaticBatchRoot: {fileID: 0}
  m_UseLightProbes: 0
  m_LightProbeAnchor: {fileID: 0}
  m_ScaleInLightmap: 1
  m_SortingLayerID: 0
  m_SortingOrder: 0
  m_Sprite: {fileID: 21300000, guid: 08dd0b6df11ce408682da67361b15675, type: 3}
  m_Color: {r: 1, g: 1, b: 1, a: 1}
--- !u!4 &119161629
Transform:
  m_ObjectHideFlags: 0
  m_PrefabParentObject: {fileID: 400000, guid: 2fd5ba257b7ae425fbecd00024b1f243, type: 2}
  m_PrefabInternal: {fileID: 1704366900}
  m_GameObject: {fileID: 119161625}
  m_LocalRotation: {x: 0, y: 0, z: 0, w: 1}
  m_LocalPosition: {x: 5.45149994, y: -2.47149992, z: 0}
  m_LocalScale: {x: 1, y: 1, z: 1}
  m_Children: []
  m_Father: {fileID: 0}
  m_RootOrder: 0
--- !u!114 &119161630
MonoBehaviour:
  m_ObjectHideFlags: 0
  m_PrefabParentObject: {fileID: 11400000, guid: 2fd5ba257b7ae425fbecd00024b1f243,
    type: 2}
  m_PrefabInternal: {fileID: 1704366900}
  m_GameObject: {fileID: 119161625}
  m_Enabled: 1
  m_EditorHideFlags: 0
  m_Script: {fileID: 11500000, guid: f67bc0556cc41434e863ad252777a87e, type: 3}
  m_Name: 
  m_EditorClassIdentifier: 
  speed: 4
--- !u!213 &120535825
Sprite:
  m_ObjectHideFlags: 0
  m_PrefabParentObject: {fileID: 0}
  m_PrefabInternal: {fileID: 0}
  m_Name: 1
  m_Rect:
    serializedVersion: 2
    x: 0
    y: 0
    width: 32
    height: 32
  m_Offset: {x: -16, y: -16}
  m_Border: {x: 0, y: 0, z: 0, w: 0}
  m_PixelsToUnits: 32
  m_Extrude: 0
  m_AtlasName: 
  m_PackingTag: 
  m_RD:
    texture: {fileID: 2800000, guid: 368672b332dce41efa962c6f2bb9fe01, type: 3}
    vertices:
    - serializedVersion: 2
      pos: {x: 0, y: 1, z: 0}
    - serializedVersion: 2
      pos: {x: 1, y: 1, z: 0}
    - serializedVersion: 2
      pos: {x: 0, y: 0, z: 0}
    - serializedVersion: 2
      pos: {x: 1, y: 0, z: 0}
    indices: 000001000200020001000300
    textureRect:
      serializedVersion: 2
      x: 0
      y: 0
      width: 32
      height: 32
    textureRectOffset: {x: 0, y: 0}
    settingsRaw: 128
    uvTransform: {x: 32, y: 0, z: 32, w: 0}
--- !u!213 &177339666
Sprite:
  m_ObjectHideFlags: 0
  m_PrefabParentObject: {fileID: 0}
  m_PrefabInternal: {fileID: 0}
  m_Name: 1
  m_Rect:
    serializedVersion: 2
    x: 0
    y: 0
    width: 32
    height: 32
  m_Offset: {x: -16, y: -16}
  m_Border: {x: 0, y: 0, z: 0, w: 0}
  m_PixelsToUnits: 32
  m_Extrude: 0
  m_AtlasName: 
  m_PackingTag: 
  m_RD:
    texture: {fileID: 2800000, guid: 368672b332dce41efa962c6f2bb9fe01, type: 3}
    vertices:
    - serializedVersion: 2
      pos: {x: 0, y: 1, z: 0}
    - serializedVersion: 2
      pos: {x: 1, y: 1, z: 0}
    - serializedVersion: 2
      pos: {x: 0, y: 0, z: 0}
    - serializedVersion: 2
      pos: {x: 1, y: 0, z: 0}
    indices: 000001000200020001000300
    textureRect:
      serializedVersion: 2
      x: 0
      y: 0
      width: 32
      height: 32
    textureRectOffset: {x: 0, y: 0}
    settingsRaw: 128
    uvTransform: {x: 32, y: 0, z: 32, w: 0}
--- !u!213 &189743881
Sprite:
  m_ObjectHideFlags: 0
  m_PrefabParentObject: {fileID: 0}
  m_PrefabInternal: {fileID: 0}
  m_Name: 1
  m_Rect:
    serializedVersion: 2
    x: 0
    y: 0
    width: 32
    height: 32
  m_Offset: {x: -16, y: -16}
  m_Border: {x: 0, y: 0, z: 0, w: 0}
  m_PixelsToUnits: 32
  m_Extrude: 0
  m_AtlasName: 
  m_PackingTag: 
  m_RD:
    texture: {fileID: 2800000, guid: 368672b332dce41efa962c6f2bb9fe01, type: 3}
    vertices:
    - serializedVersion: 2
      pos: {x: 0, y: 1, z: 0}
    - serializedVersion: 2
      pos: {x: 1, y: 1, z: 0}
    - serializedVersion: 2
      pos: {x: 0, y: 0, z: 0}
    - serializedVersion: 2
      pos: {x: 1, y: 0, z: 0}
    indices: 000001000200020001000300
    textureRect:
      serializedVersion: 2
      x: 0
      y: 0
      width: 32
      height: 32
    textureRectOffset: {x: 0, y: 0}
    settingsRaw: 128
    uvTransform: {x: 32, y: 0, z: 32, w: 0}
--- !u!213 &197337451
Sprite:
  m_ObjectHideFlags: 0
  m_PrefabParentObject: {fileID: 0}
  m_PrefabInternal: {fileID: 0}
  m_Name: 1
  m_Rect:
    serializedVersion: 2
    x: 0
    y: 0
    width: 32
    height: 32
  m_Offset: {x: -16, y: -16}
  m_Border: {x: 0, y: 0, z: 0, w: 0}
  m_PixelsToUnits: 32
  m_Extrude: 0
  m_AtlasName: 
  m_PackingTag: 
  m_RD:
    texture: {fileID: 2800000, guid: 368672b332dce41efa962c6f2bb9fe01, type: 3}
    vertices:
    - serializedVersion: 2
      pos: {x: 0, y: 1, z: 0}
    - serializedVersion: 2
      pos: {x: 1, y: 1, z: 0}
    - serializedVersion: 2
      pos: {x: 0, y: 0, z: 0}
    - serializedVersion: 2
      pos: {x: 1, y: 0, z: 0}
    indices: 000001000200020001000300
    textureRect:
      serializedVersion: 2
      x: 0
      y: 0
      width: 32
      height: 32
    textureRectOffset: {x: 0, y: 0}
    settingsRaw: 128
    uvTransform: {x: 32, y: 0, z: 32, w: 0}
--- !u!1 &198320249
GameObject:
  m_ObjectHideFlags: 0
  m_PrefabParentObject: {fileID: 0}
  m_PrefabInternal: {fileID: 0}
  serializedVersion: 4
  m_Component:
  - 4: {fileID: 198320250}
  - 212: {fileID: 198320251}
  m_Layer: 0
  m_Name: Ground[1, 31]
  m_TagString: Untagged
  m_Icon: {fileID: 0}
  m_NavMeshLayer: 0
  m_StaticEditorFlags: 0
  m_IsActive: 1
--- !u!4 &198320250
Transform:
  m_ObjectHideFlags: 0
  m_PrefabParentObject: {fileID: 0}
  m_PrefabInternal: {fileID: 0}
  m_GameObject: {fileID: 198320249}
  m_LocalRotation: {x: 0, y: 0, z: 0, w: 1}
  m_LocalPosition: {x: 1, y: -32, z: 0}
  m_LocalScale: {x: 1, y: 1, z: 1}
  m_Children: []
  m_Father: {fileID: 506991405}
  m_RootOrder: 21
--- !u!212 &198320251
SpriteRenderer:
  m_ObjectHideFlags: 0
  m_PrefabParentObject: {fileID: 0}
  m_PrefabInternal: {fileID: 0}
  m_GameObject: {fileID: 198320249}
  m_Enabled: 1
  m_CastShadows: 0
  m_ReceiveShadows: 0
  m_LightmapIndex: 255
  m_LightmapTilingOffset: {x: 1, y: 1, z: 0, w: 0}
  m_Materials:
  - {fileID: 716336221}
  m_SubsetIndices: 
  m_StaticBatchRoot: {fileID: 0}
  m_UseLightProbes: 0
  m_LightProbeAnchor: {fileID: 0}
  m_ScaleInLightmap: 1
  m_SortingLayerID: 0
  m_SortingOrder: 0
  m_Sprite: {fileID: 714627199}
  m_Color: {r: 1, g: 1, b: 1, a: 1}
--- !u!1 &202103316
GameObject:
  m_ObjectHideFlags: 0
  m_PrefabParentObject: {fileID: 0}
  m_PrefabInternal: {fileID: 0}
  serializedVersion: 4
  m_Component:
  - 4: {fileID: 202103317}
  - 212: {fileID: 202103318}
  m_Layer: 0
  m_Name: Ground[6, 31]
  m_TagString: Untagged
  m_Icon: {fileID: 0}
  m_NavMeshLayer: 0
  m_StaticEditorFlags: 0
  m_IsActive: 1
--- !u!4 &202103317
Transform:
  m_ObjectHideFlags: 0
  m_PrefabParentObject: {fileID: 0}
  m_PrefabInternal: {fileID: 0}
  m_GameObject: {fileID: 202103316}
  m_LocalRotation: {x: 0, y: 0, z: 0, w: 1}
  m_LocalPosition: {x: 6, y: -32, z: 0}
  m_LocalScale: {x: 1, y: 1, z: 1}
  m_Children: []
  m_Father: {fileID: 506991405}
  m_RootOrder: 16
--- !u!212 &202103318
SpriteRenderer:
  m_ObjectHideFlags: 0
  m_PrefabParentObject: {fileID: 0}
  m_PrefabInternal: {fileID: 0}
  m_GameObject: {fileID: 202103316}
  m_Enabled: 1
  m_CastShadows: 0
  m_ReceiveShadows: 0
  m_LightmapIndex: 255
  m_LightmapTilingOffset: {x: 1, y: 1, z: 0, w: 0}
  m_Materials:
  - {fileID: 716336221}
  m_SubsetIndices: 
  m_StaticBatchRoot: {fileID: 0}
  m_UseLightProbes: 0
  m_LightProbeAnchor: {fileID: 0}
  m_ScaleInLightmap: 1
  m_SortingLayerID: 0
  m_SortingOrder: 0
  m_Sprite: {fileID: 637760573}
  m_Color: {r: 1, g: 1, b: 1, a: 1}
--- !u!1 &216183289
GameObject:
  m_ObjectHideFlags: 0
  m_PrefabParentObject: {fileID: 0}
  m_PrefabInternal: {fileID: 0}
  serializedVersion: 4
  m_Component:
  - 4: {fileID: 216183290}
  - 212: {fileID: 216183291}
  m_Layer: 0
  m_Name: Ground[15, 31]
  m_TagString: Untagged
  m_Icon: {fileID: 0}
  m_NavMeshLayer: 0
  m_StaticEditorFlags: 0
  m_IsActive: 1
--- !u!4 &216183290
Transform:
  m_ObjectHideFlags: 0
  m_PrefabParentObject: {fileID: 0}
  m_PrefabInternal: {fileID: 0}
  m_GameObject: {fileID: 216183289}
  m_LocalRotation: {x: 0, y: 0, z: 0, w: 1}
  m_LocalPosition: {x: 15, y: -32, z: 0}
  m_LocalScale: {x: 1, y: 1, z: 1}
  m_Children: []
  m_Father: {fileID: 506991405}
  m_RootOrder: 7
--- !u!212 &216183291
SpriteRenderer:
  m_ObjectHideFlags: 0
  m_PrefabParentObject: {fileID: 0}
  m_PrefabInternal: {fileID: 0}
  m_GameObject: {fileID: 216183289}
  m_Enabled: 1
  m_CastShadows: 0
  m_ReceiveShadows: 0
  m_LightmapIndex: 255
  m_LightmapTilingOffset: {x: 1, y: 1, z: 0, w: 0}
  m_Materials:
  - {fileID: 716336221}
  m_SubsetIndices: 
  m_StaticBatchRoot: {fileID: 0}
  m_UseLightProbes: 0
  m_LightProbeAnchor: {fileID: 0}
  m_ScaleInLightmap: 1
  m_SortingLayerID: 0
  m_SortingOrder: 0
  m_Sprite: {fileID: 62613706}
  m_Color: {r: 1, g: 1, b: 1, a: 1}
--- !u!1 &227017781
GameObject:
  m_ObjectHideFlags: 0
  m_PrefabParentObject: {fileID: 0}
  m_PrefabInternal: {fileID: 0}
  serializedVersion: 4
  m_Component:
  - 4: {fileID: 227017782}
  - 212: {fileID: 227017783}
  m_Layer: 0
  m_Name: Ground[19, 31]
  m_TagString: Untagged
  m_Icon: {fileID: 0}
  m_NavMeshLayer: 0
  m_StaticEditorFlags: 0
  m_IsActive: 1
--- !u!4 &227017782
Transform:
  m_ObjectHideFlags: 0
  m_PrefabParentObject: {fileID: 0}
  m_PrefabInternal: {fileID: 0}
  m_GameObject: {fileID: 227017781}
  m_LocalRotation: {x: 0, y: 0, z: 0, w: 1}
  m_LocalPosition: {x: 19, y: -32, z: 0}
  m_LocalScale: {x: 1, y: 1, z: 1}
  m_Children: []
  m_Father: {fileID: 506991405}
  m_RootOrder: 3
--- !u!212 &227017783
SpriteRenderer:
  m_ObjectHideFlags: 0
  m_PrefabParentObject: {fileID: 0}
  m_PrefabInternal: {fileID: 0}
  m_GameObject: {fileID: 227017781}
  m_Enabled: 1
  m_CastShadows: 0
  m_ReceiveShadows: 0
  m_LightmapIndex: 255
  m_LightmapTilingOffset: {x: 1, y: 1, z: 0, w: 0}
  m_Materials:
  - {fileID: 716336221}
  m_SubsetIndices: 
  m_StaticBatchRoot: {fileID: 0}
  m_UseLightProbes: 0
  m_LightProbeAnchor: {fileID: 0}
  m_ScaleInLightmap: 1
  m_SortingLayerID: 0
  m_SortingOrder: 0
  m_Sprite: {fileID: 1400358875}
  m_Color: {r: 1, g: 1, b: 1, a: 1}
--- !u!1 &230813176
GameObject:
  m_ObjectHideFlags: 0
  m_PrefabParentObject: {fileID: 0}
  m_PrefabInternal: {fileID: 0}
  serializedVersion: 4
  m_Component:
  - 4: {fileID: 230813178}
  - 212: {fileID: 230813177}
  m_Layer: 0
  m_Name: Ground[3, 31]
  m_TagString: Untagged
  m_Icon: {fileID: 0}
  m_NavMeshLayer: 0
  m_StaticEditorFlags: 0
  m_IsActive: 1
--- !u!212 &230813177
SpriteRenderer:
  m_ObjectHideFlags: 0
  m_PrefabParentObject: {fileID: 0}
  m_PrefabInternal: {fileID: 0}
  m_GameObject: {fileID: 230813176}
  m_Enabled: 1
  m_CastShadows: 0
  m_ReceiveShadows: 0
  m_LightmapIndex: 255
  m_LightmapTilingOffset: {x: 1, y: 1, z: 0, w: 0}
  m_Materials:
  - {fileID: 716336221}
  m_SubsetIndices: 
  m_StaticBatchRoot: {fileID: 0}
  m_UseLightProbes: 0
  m_LightProbeAnchor: {fileID: 0}
  m_ScaleInLightmap: 1
  m_SortingLayerID: 0
  m_SortingOrder: 0
  m_Sprite: {fileID: 585234212}
  m_Color: {r: 1, g: 1, b: 1, a: 1}
--- !u!4 &230813178
Transform:
  m_ObjectHideFlags: 0
  m_PrefabParentObject: {fileID: 0}
  m_PrefabInternal: {fileID: 0}
  m_GameObject: {fileID: 230813176}
  m_LocalRotation: {x: 0, y: 0, z: 0, w: 1}
  m_LocalPosition: {x: 3, y: -32, z: 0}
  m_LocalScale: {x: 1, y: 1, z: 1}
  m_Children: []
  m_Father: {fileID: 506991405}
  m_RootOrder: 19
--- !u!1 &244003676
GameObject:
  m_ObjectHideFlags: 0
  m_PrefabParentObject: {fileID: 0}
  m_PrefabInternal: {fileID: 0}
  serializedVersion: 4
  m_Component:
  - 4: {fileID: 244003677}
  - 212: {fileID: 244003678}
  m_Layer: 0
  m_Name: Ground[17, 31]
  m_TagString: Untagged
  m_Icon: {fileID: 0}
  m_NavMeshLayer: 0
  m_StaticEditorFlags: 0
  m_IsActive: 1
--- !u!4 &244003677
Transform:
  m_ObjectHideFlags: 0
  m_PrefabParentObject: {fileID: 0}
  m_PrefabInternal: {fileID: 0}
  m_GameObject: {fileID: 244003676}
  m_LocalRotation: {x: 0, y: 0, z: 0, w: 1}
  m_LocalPosition: {x: 17, y: -32, z: 0}
  m_LocalScale: {x: 1, y: 1, z: 1}
  m_Children: []
  m_Father: {fileID: 506991405}
  m_RootOrder: 5
--- !u!212 &244003678
SpriteRenderer:
  m_ObjectHideFlags: 0
  m_PrefabParentObject: {fileID: 0}
  m_PrefabInternal: {fileID: 0}
  m_GameObject: {fileID: 244003676}
  m_Enabled: 1
  m_CastShadows: 0
  m_ReceiveShadows: 0
  m_LightmapIndex: 255
  m_LightmapTilingOffset: {x: 1, y: 1, z: 0, w: 0}
  m_Materials:
  - {fileID: 716336221}
  m_SubsetIndices: 
  m_StaticBatchRoot: {fileID: 0}
  m_UseLightProbes: 0
  m_LightProbeAnchor: {fileID: 0}
  m_ScaleInLightmap: 1
  m_SortingLayerID: 0
  m_SortingOrder: 0
  m_Sprite: {fileID: 1607751493}
  m_Color: {r: 1, g: 1, b: 1, a: 1}
--- !u!1 &266270482
GameObject:
  m_ObjectHideFlags: 0
  m_PrefabParentObject: {fileID: 0}
  m_PrefabInternal: {fileID: 0}
  serializedVersion: 4
  m_Component:
  - 4: {fileID: 266270483}
  - 212: {fileID: 266270484}
  m_Layer: 0
  m_Name: Ground[0, 31]
  m_TagString: Untagged
  m_Icon: {fileID: 0}
  m_NavMeshLayer: 0
  m_StaticEditorFlags: 0
  m_IsActive: 1
--- !u!4 &266270483
Transform:
  m_ObjectHideFlags: 0
  m_PrefabParentObject: {fileID: 0}
  m_PrefabInternal: {fileID: 0}
  m_GameObject: {fileID: 266270482}
  m_LocalRotation: {x: 0, y: 0, z: 0, w: 1}
  m_LocalPosition: {x: 0, y: -32, z: 0}
  m_LocalScale: {x: 1, y: 1, z: 1}
  m_Children: []
  m_Father: {fileID: 506991405}
  m_RootOrder: 22
--- !u!212 &266270484
SpriteRenderer:
  m_ObjectHideFlags: 0
  m_PrefabParentObject: {fileID: 0}
  m_PrefabInternal: {fileID: 0}
  m_GameObject: {fileID: 266270482}
  m_Enabled: 1
  m_CastShadows: 0
  m_ReceiveShadows: 0
  m_LightmapIndex: 255
  m_LightmapTilingOffset: {x: 1, y: 1, z: 0, w: 0}
  m_Materials:
  - {fileID: 716336221}
  m_SubsetIndices: 
  m_StaticBatchRoot: {fileID: 0}
  m_UseLightProbes: 0
  m_LightProbeAnchor: {fileID: 0}
  m_ScaleInLightmap: 1
  m_SortingLayerID: 0
  m_SortingOrder: 0
  m_Sprite: {fileID: 739972443}
  m_Color: {r: 1, g: 1, b: 1, a: 1}
--- !u!1 &277920491
GameObject:
  m_ObjectHideFlags: 0
  m_PrefabParentObject: {fileID: 0}
  m_PrefabInternal: {fileID: 0}
  serializedVersion: 4
  m_Component:
  - 4: {fileID: 277920492}
  - 212: {fileID: 277920493}
  m_Layer: 0
  m_Name: Tile Layer 1[10, 20]
  m_TagString: Untagged
  m_Icon: {fileID: 0}
  m_NavMeshLayer: 0
  m_StaticEditorFlags: 0
  m_IsActive: 1
--- !u!4 &277920492
Transform:
  m_ObjectHideFlags: 0
  m_PrefabParentObject: {fileID: 0}
  m_PrefabInternal: {fileID: 0}
  m_GameObject: {fileID: 277920491}
  m_LocalRotation: {x: 0, y: 0, z: 0, w: 1}
  m_LocalPosition: {x: 2.5, y: -5.25, z: 0}
  m_LocalScale: {x: 1, y: 1, z: 1}
  m_Children: []
  m_Father: {fileID: 508061905}
  m_RootOrder: 8
--- !u!212 &277920493
SpriteRenderer:
  m_ObjectHideFlags: 0
  m_PrefabParentObject: {fileID: 0}
  m_PrefabInternal: {fileID: 0}
  m_GameObject: {fileID: 277920491}
  m_Enabled: 1
  m_CastShadows: 0
  m_ReceiveShadows: 0
  m_LightmapIndex: 255
  m_LightmapTilingOffset: {x: 1, y: 1, z: 0, w: 0}
  m_Materials:
  - {fileID: 81278460}
  m_SubsetIndices: 
  m_StaticBatchRoot: {fileID: 0}
  m_UseLightProbes: 0
  m_LightProbeAnchor: {fileID: 0}
  m_ScaleInLightmap: 1
  m_SortingLayerID: 0
  m_SortingOrder: 0
  m_Sprite: {fileID: 2014283397}
  m_Color: {r: 1, g: 1, b: 1, a: 1}
--- !u!1 &292639723
GameObject:
  m_ObjectHideFlags: 0
  m_PrefabParentObject: {fileID: 0}
  m_PrefabInternal: {fileID: 0}
  serializedVersion: 4
  m_Component:
  - 4: {fileID: 292639724}
  - 212: {fileID: 292639725}
  m_Layer: 0
  m_Name: Ground[21, 31]
  m_TagString: Untagged
  m_Icon: {fileID: 0}
  m_NavMeshLayer: 0
  m_StaticEditorFlags: 0
  m_IsActive: 1
--- !u!4 &292639724
Transform:
  m_ObjectHideFlags: 0
  m_PrefabParentObject: {fileID: 0}
  m_PrefabInternal: {fileID: 0}
  m_GameObject: {fileID: 292639723}
  m_LocalRotation: {x: 0, y: 0, z: 0, w: 1}
  m_LocalPosition: {x: 21, y: -32, z: 0}
  m_LocalScale: {x: 1, y: 1, z: 1}
  m_Children: []
  m_Father: {fileID: 506991405}
  m_RootOrder: 1
--- !u!212 &292639725
SpriteRenderer:
  m_ObjectHideFlags: 0
  m_PrefabParentObject: {fileID: 0}
  m_PrefabInternal: {fileID: 0}
  m_GameObject: {fileID: 292639723}
  m_Enabled: 1
  m_CastShadows: 0
  m_ReceiveShadows: 0
  m_LightmapIndex: 255
  m_LightmapTilingOffset: {x: 1, y: 1, z: 0, w: 0}
  m_Materials:
  - {fileID: 716336221}
  m_SubsetIndices: 
  m_StaticBatchRoot: {fileID: 0}
  m_UseLightProbes: 0
  m_LightProbeAnchor: {fileID: 0}
  m_ScaleInLightmap: 1
  m_SortingLayerID: 0
  m_SortingOrder: 0
  m_Sprite: {fileID: 745439076}
  m_Color: {r: 1, g: 1, b: 1, a: 1}
--- !u!213 &296086030
Sprite:
  m_ObjectHideFlags: 0
  m_PrefabParentObject: {fileID: 0}
  m_PrefabInternal: {fileID: 0}
  m_Name: 1
  m_Rect:
    serializedVersion: 2
    x: 0
    y: 0
    width: 32
    height: 32
  m_Offset: {x: -16, y: -16}
  m_Border: {x: 0, y: 0, z: 0, w: 0}
  m_PixelsToUnits: 32
  m_Extrude: 0
  m_AtlasName: 
  m_PackingTag: 
  m_RD:
    texture: {fileID: 2800000, guid: 368672b332dce41efa962c6f2bb9fe01, type: 3}
    vertices:
    - serializedVersion: 2
      pos: {x: 0, y: 1, z: 0}
    - serializedVersion: 2
      pos: {x: 1, y: 1, z: 0}
    - serializedVersion: 2
      pos: {x: 0, y: 0, z: 0}
    - serializedVersion: 2
      pos: {x: 1, y: 0, z: 0}
    indices: 000001000200020001000300
    textureRect:
      serializedVersion: 2
      x: 0
      y: 0
      width: 32
      height: 32
    textureRectOffset: {x: 0, y: 0}
    settingsRaw: 128
    uvTransform: {x: 32, y: 0, z: 32, w: 0}
--- !u!1 &304481687
GameObject:
  m_ObjectHideFlags: 0
  m_PrefabParentObject: {fileID: 0}
  m_PrefabInternal: {fileID: 0}
  serializedVersion: 4
  m_Component:
  - 4: {fileID: 304481688}
  - 212: {fileID: 304481689}
  m_Layer: 0
  m_Name: Ground[18, 31]
  m_TagString: Untagged
  m_Icon: {fileID: 0}
  m_NavMeshLayer: 0
  m_StaticEditorFlags: 0
  m_IsActive: 1
--- !u!4 &304481688
Transform:
  m_ObjectHideFlags: 0
  m_PrefabParentObject: {fileID: 0}
  m_PrefabInternal: {fileID: 0}
  m_GameObject: {fileID: 304481687}
  m_LocalRotation: {x: 0, y: 0, z: 0, w: 1}
  m_LocalPosition: {x: 18, y: -32, z: 0}
  m_LocalScale: {x: 1, y: 1, z: 1}
  m_Children: []
  m_Father: {fileID: 506991405}
  m_RootOrder: 4
--- !u!212 &304481689
SpriteRenderer:
  m_ObjectHideFlags: 0
  m_PrefabParentObject: {fileID: 0}
  m_PrefabInternal: {fileID: 0}
  m_GameObject: {fileID: 304481687}
  m_Enabled: 1
  m_CastShadows: 0
  m_ReceiveShadows: 0
  m_LightmapIndex: 255
  m_LightmapTilingOffset: {x: 1, y: 1, z: 0, w: 0}
  m_Materials:
  - {fileID: 716336221}
  m_SubsetIndices: 
  m_StaticBatchRoot: {fileID: 0}
  m_UseLightProbes: 0
  m_LightProbeAnchor: {fileID: 0}
  m_ScaleInLightmap: 1
  m_SortingLayerID: 0
  m_SortingOrder: 0
  m_Sprite: {fileID: 1598161482}
  m_Color: {r: 1, g: 1, b: 1, a: 1}
--- !u!213 &319022711
Sprite:
  m_ObjectHideFlags: 0
  m_PrefabParentObject: {fileID: 0}
  m_PrefabInternal: {fileID: 0}
  m_Name: 1
  m_Rect:
    serializedVersion: 2
    x: 0
    y: 0
    width: 32
    height: 32
  m_Offset: {x: -16, y: -16}
  m_Border: {x: 0, y: 0, z: 0, w: 0}
  m_PixelsToUnits: 32
  m_Extrude: 0
  m_AtlasName: 
  m_PackingTag: 
  m_RD:
    texture: {fileID: 2800000, guid: 368672b332dce41efa962c6f2bb9fe01, type: 3}
    vertices:
    - serializedVersion: 2
      pos: {x: 0, y: 1, z: 0}
    - serializedVersion: 2
      pos: {x: 1, y: 1, z: 0}
    - serializedVersion: 2
      pos: {x: 0, y: 0, z: 0}
    - serializedVersion: 2
      pos: {x: 1, y: 0, z: 0}
    indices: 000001000200020001000300
    textureRect:
      serializedVersion: 2
      x: 0
      y: 0
      width: 32
      height: 32
    textureRectOffset: {x: 0, y: 0}
    settingsRaw: 128
    uvTransform: {x: 32, y: 0, z: 32, w: 0}
--- !u!213 &327395048
Sprite:
  m_ObjectHideFlags: 0
  m_PrefabParentObject: {fileID: 0}
  m_PrefabInternal: {fileID: 0}
  m_Name: 1
  m_Rect:
    serializedVersion: 2
    x: 0
    y: 0
    width: 32
    height: 32
  m_Offset: {x: -16, y: -16}
  m_Border: {x: 0, y: 0, z: 0, w: 0}
  m_PixelsToUnits: 32
  m_Extrude: 0
  m_AtlasName: 
  m_PackingTag: 
  m_RD:
    texture: {fileID: 2800000, guid: 368672b332dce41efa962c6f2bb9fe01, type: 3}
    vertices:
    - serializedVersion: 2
      pos: {x: 0, y: 1, z: 0}
    - serializedVersion: 2
      pos: {x: 1, y: 1, z: 0}
    - serializedVersion: 2
      pos: {x: 0, y: 0, z: 0}
    - serializedVersion: 2
      pos: {x: 1, y: 0, z: 0}
    indices: 000001000200020001000300
    textureRect:
      serializedVersion: 2
      x: 0
      y: 0
      width: 32
      height: 32
    textureRectOffset: {x: 0, y: 0}
    settingsRaw: 128
    uvTransform: {x: 32, y: 0, z: 32, w: 0}
--- !u!213 &376637897
Sprite:
  m_ObjectHideFlags: 0
  m_PrefabParentObject: {fileID: 0}
  m_PrefabInternal: {fileID: 0}
  m_Name: 1
  m_Rect:
    serializedVersion: 2
    x: 0
    y: 0
    width: 32
    height: 32
  m_Offset: {x: -16, y: -16}
  m_Border: {x: 0, y: 0, z: 0, w: 0}
  m_PixelsToUnits: 32
  m_Extrude: 0
  m_AtlasName: 
  m_PackingTag: 
  m_RD:
    texture: {fileID: 2800000, guid: 368672b332dce41efa962c6f2bb9fe01, type: 3}
    vertices:
    - serializedVersion: 2
      pos: {x: 0, y: 1, z: 0}
    - serializedVersion: 2
      pos: {x: 1, y: 1, z: 0}
    - serializedVersion: 2
      pos: {x: 0, y: 0, z: 0}
    - serializedVersion: 2
      pos: {x: 1, y: 0, z: 0}
    indices: 000001000200020001000300
    textureRect:
      serializedVersion: 2
      x: 0
      y: 0
      width: 32
      height: 32
    textureRectOffset: {x: 0, y: 0}
    settingsRaw: 128
    uvTransform: {x: 32, y: 0, z: 32, w: 0}
--- !u!1 &396499232
GameObject:
  m_ObjectHideFlags: 0
  m_PrefabParentObject: {fileID: 0}
  m_PrefabInternal: {fileID: 0}
  serializedVersion: 4
  m_Component:
  - 4: {fileID: 396499233}
  - 212: {fileID: 396499234}
  m_Layer: 0
  m_Name: Tile Layer 1[38, 20]
  m_TagString: Untagged
  m_Icon: {fileID: 0}
  m_NavMeshLayer: 0
  m_StaticEditorFlags: 0
  m_IsActive: 1
--- !u!4 &396499233
Transform:
  m_ObjectHideFlags: 0
  m_PrefabParentObject: {fileID: 0}
  m_PrefabInternal: {fileID: 0}
  m_GameObject: {fileID: 396499232}
  m_LocalRotation: {x: 0, y: 0, z: 0, w: 1}
  m_LocalPosition: {x: 9.5, y: -5.25, z: 0}
  m_LocalScale: {x: 1, y: 1, z: 1}
  m_Children: []
  m_Father: {fileID: 508061905}
  m_RootOrder: 2
--- !u!212 &396499234
SpriteRenderer:
  m_ObjectHideFlags: 0
  m_PrefabParentObject: {fileID: 0}
  m_PrefabInternal: {fileID: 0}
  m_GameObject: {fileID: 396499232}
  m_Enabled: 1
  m_CastShadows: 0
  m_ReceiveShadows: 0
  m_LightmapIndex: 255
  m_LightmapTilingOffset: {x: 1, y: 1, z: 0, w: 0}
  m_Materials:
  - {fileID: 81278460}
  m_SubsetIndices: 
  m_StaticBatchRoot: {fileID: 0}
  m_UseLightProbes: 0
  m_LightProbeAnchor: {fileID: 0}
  m_ScaleInLightmap: 1
  m_SortingLayerID: 0
  m_SortingOrder: 0
  m_Sprite: {fileID: 319022711}
  m_Color: {r: 1, g: 1, b: 1, a: 1}
--- !u!1 &445111060
GameObject:
  m_ObjectHideFlags: 0
  m_PrefabParentObject: {fileID: 0}
  m_PrefabInternal: {fileID: 0}
  serializedVersion: 4
  m_Component:
  - 4: {fileID: 445111061}
  - 212: {fileID: 445111062}
  m_Layer: 0
  m_Name: Ground[4, 31]
  m_TagString: Untagged
  m_Icon: {fileID: 0}
  m_NavMeshLayer: 0
  m_StaticEditorFlags: 0
  m_IsActive: 1
--- !u!4 &445111061
Transform:
  m_ObjectHideFlags: 0
  m_PrefabParentObject: {fileID: 0}
  m_PrefabInternal: {fileID: 0}
  m_GameObject: {fileID: 445111060}
  m_LocalRotation: {x: 0, y: 0, z: 0, w: 1}
  m_LocalPosition: {x: 4, y: -32, z: 0}
  m_LocalScale: {x: 1, y: 1, z: 1}
  m_Children: []
  m_Father: {fileID: 506991405}
  m_RootOrder: 18
--- !u!212 &445111062
SpriteRenderer:
  m_ObjectHideFlags: 0
  m_PrefabParentObject: {fileID: 0}
  m_PrefabInternal: {fileID: 0}
  m_GameObject: {fileID: 445111060}
  m_Enabled: 1
  m_CastShadows: 0
  m_ReceiveShadows: 0
  m_LightmapIndex: 255
  m_LightmapTilingOffset: {x: 1, y: 1, z: 0, w: 0}
  m_Materials:
  - {fileID: 716336221}
  m_SubsetIndices: 
  m_StaticBatchRoot: {fileID: 0}
  m_UseLightProbes: 0
  m_LightProbeAnchor: {fileID: 0}
  m_ScaleInLightmap: 1
  m_SortingLayerID: 0
  m_SortingOrder: 0
  m_Sprite: {fileID: 506219908}
  m_Color: {r: 1, g: 1, b: 1, a: 1}
--- !u!213 &466377000
Sprite:
  m_ObjectHideFlags: 0
  m_PrefabParentObject: {fileID: 0}
  m_PrefabInternal: {fileID: 0}
  m_Name: 1
  m_Rect:
    serializedVersion: 2
    x: 0
    y: 0
    width: 32
    height: 32
  m_Offset: {x: -16, y: -16}
  m_Border: {x: 0, y: 0, z: 0, w: 0}
  m_PixelsToUnits: 32
  m_Extrude: 0
  m_AtlasName: 
  m_PackingTag: 
  m_RD:
    texture: {fileID: 2800000, guid: 368672b332dce41efa962c6f2bb9fe01, type: 3}
    vertices:
    - serializedVersion: 2
      pos: {x: 0, y: 1, z: 0}
    - serializedVersion: 2
      pos: {x: 1, y: 1, z: 0}
    - serializedVersion: 2
      pos: {x: 0, y: 0, z: 0}
    - serializedVersion: 2
      pos: {x: 1, y: 0, z: 0}
    indices: 000001000200020001000300
    textureRect:
      serializedVersion: 2
      x: 0
      y: 0
      width: 32
      height: 32
    textureRectOffset: {x: 0, y: 0}
    settingsRaw: 128
    uvTransform: {x: 32, y: 0, z: 32, w: 0}
--- !u!1 &469659941
GameObject:
  m_ObjectHideFlags: 0
  m_PrefabParentObject: {fileID: 0}
  m_PrefabInternal: {fileID: 0}
  serializedVersion: 4
  m_Component:
  - 4: {fileID: 469659942}
  m_Layer: 0
  m_Name: second_world
  m_TagString: Untagged
  m_Icon: {fileID: 0}
  m_NavMeshLayer: 0
  m_StaticEditorFlags: 0
  m_IsActive: 1
--- !u!4 &469659942
Transform:
  m_ObjectHideFlags: 0
  m_PrefabParentObject: {fileID: 0}
  m_PrefabInternal: {fileID: 0}
  m_GameObject: {fileID: 469659941}
  m_LocalRotation: {x: 0, y: 0, z: 0, w: 1}
  m_LocalPosition: {x: 0, y: 0, z: 0}
  m_LocalScale: {x: 1, y: 1, z: 1}
  m_Children:
  - {fileID: 508061905}
  m_Father: {fileID: 1798465301}
  m_RootOrder: 0
--- !u!1 &501485884
GameObject:
  m_ObjectHideFlags: 0
  m_PrefabParentObject: {fileID: 0}
  m_PrefabInternal: {fileID: 0}
  serializedVersion: 4
  m_Component:
  - 4: {fileID: 501485885}
  - 212: {fileID: 501485886}
  m_Layer: 0
  m_Name: Ground[20, 31]
  m_TagString: Untagged
  m_Icon: {fileID: 0}
  m_NavMeshLayer: 0
  m_StaticEditorFlags: 0
  m_IsActive: 1
--- !u!4 &501485885
Transform:
  m_ObjectHideFlags: 0
  m_PrefabParentObject: {fileID: 0}
  m_PrefabInternal: {fileID: 0}
  m_GameObject: {fileID: 501485884}
  m_LocalRotation: {x: 0, y: 0, z: 0, w: 1}
  m_LocalPosition: {x: 20, y: -32, z: 0}
  m_LocalScale: {x: 1, y: 1, z: 1}
  m_Children: []
  m_Father: {fileID: 506991405}
  m_RootOrder: 2
--- !u!212 &501485886
SpriteRenderer:
  m_ObjectHideFlags: 0
  m_PrefabParentObject: {fileID: 0}
  m_PrefabInternal: {fileID: 0}
  m_GameObject: {fileID: 501485884}
  m_Enabled: 1
  m_CastShadows: 0
  m_ReceiveShadows: 0
  m_LightmapIndex: 255
  m_LightmapTilingOffset: {x: 1, y: 1, z: 0, w: 0}
  m_Materials:
  - {fileID: 716336221}
  m_SubsetIndices: 
  m_StaticBatchRoot: {fileID: 0}
  m_UseLightProbes: 0
  m_LightProbeAnchor: {fileID: 0}
  m_ScaleInLightmap: 1
  m_SortingLayerID: 0
  m_SortingOrder: 0
  m_Sprite: {fileID: 120535825}
  m_Color: {r: 1, g: 1, b: 1, a: 1}
--- !u!213 &506219908
Sprite:
  m_ObjectHideFlags: 0
  m_PrefabParentObject: {fileID: 0}
  m_PrefabInternal: {fileID: 0}
  m_Name: 1
  m_Rect:
    serializedVersion: 2
    x: 0
    y: 0
    width: 32
    height: 32
  m_Offset: {x: -16, y: -16}
  m_Border: {x: 0, y: 0, z: 0, w: 0}
  m_PixelsToUnits: 32
  m_Extrude: 0
  m_AtlasName: 
  m_PackingTag: 
  m_RD:
    texture: {fileID: 2800000, guid: 368672b332dce41efa962c6f2bb9fe01, type: 3}
    vertices:
    - serializedVersion: 2
      pos: {x: 0, y: 1, z: 0}
    - serializedVersion: 2
      pos: {x: 1, y: 1, z: 0}
    - serializedVersion: 2
      pos: {x: 0, y: 0, z: 0}
    - serializedVersion: 2
      pos: {x: 1, y: 0, z: 0}
    indices: 000001000200020001000300
    textureRect:
      serializedVersion: 2
      x: 0
      y: 0
      width: 32
      height: 32
    textureRectOffset: {x: 0, y: 0}
    settingsRaw: 128
    uvTransform: {x: 32, y: 0, z: 32, w: 0}
--- !u!1 &506991404
GameObject:
  m_ObjectHideFlags: 0
  m_PrefabParentObject: {fileID: 0}
  m_PrefabInternal: {fileID: 0}
  serializedVersion: 4
  m_Component:
  - 4: {fileID: 506991405}
  m_Layer: 0
  m_Name: Ground
  m_TagString: Untagged
  m_Icon: {fileID: 0}
  m_NavMeshLayer: 0
  m_StaticEditorFlags: 4294967295
  m_IsActive: 1
--- !u!4 &506991405
Transform:
  m_ObjectHideFlags: 0
  m_PrefabParentObject: {fileID: 0}
  m_PrefabInternal: {fileID: 0}
  m_GameObject: {fileID: 506991404}
  m_LocalRotation: {x: 0, y: 0, z: 0, w: 1}
  m_LocalPosition: {x: 0, y: 0, z: 1}
  m_LocalScale: {x: 1, y: 1, z: 1}
  m_Children:
  - {fileID: 845565799}
  - {fileID: 292639724}
  - {fileID: 501485885}
  - {fileID: 227017782}
  - {fileID: 304481688}
  - {fileID: 244003677}
  - {fileID: 2120764941}
  - {fileID: 216183290}
  - {fileID: 1154505100}
  - {fileID: 1864159276}
  - {fileID: 1844143748}
  - {fileID: 1243106145}
  - {fileID: 80346460}
  - {fileID: 98151330}
  - {fileID: 1937389846}
  - {fileID: 937891378}
  - {fileID: 202103317}
  - {fileID: 1545807223}
  - {fileID: 445111061}
  - {fileID: 230813178}
  - {fileID: 667573707}
  - {fileID: 198320250}
  - {fileID: 266270483}
  m_Father: {fileID: 1824673959}
  m_RootOrder: 0
--- !u!1 &508061904
GameObject:
  m_ObjectHideFlags: 0
  m_PrefabParentObject: {fileID: 0}
  m_PrefabInternal: {fileID: 0}
  serializedVersion: 4
  m_Component:
  - 4: {fileID: 508061905}
  m_Layer: 0
  m_Name: Tile Layer 1
  m_TagString: Untagged
  m_Icon: {fileID: 0}
  m_NavMeshLayer: 0
  m_StaticEditorFlags: 4294967295
  m_IsActive: 1
--- !u!4 &508061905
Transform:
  m_ObjectHideFlags: 0
  m_PrefabParentObject: {fileID: 0}
  m_PrefabInternal: {fileID: 0}
  m_GameObject: {fileID: 508061904}
  m_LocalRotation: {x: 0, y: 0, z: 0, w: 1}
  m_LocalPosition: {x: 0, y: 0, z: 1}
  m_LocalScale: {x: 1, y: 1, z: 1}
  m_Children:
  - {fileID: 1762909216}
  - {fileID: 511193809}
  - {fileID: 396499233}
  - {fileID: 1711262962}
  - {fileID: 1928291289}
  - {fileID: 1836730860}
  - {fileID: 1259176854}
  - {fileID: 863465255}
  - {fileID: 277920492}
  - {fileID: 1243079455}
  - {fileID: 1466173186}
  m_Father: {fileID: 469659942}
  m_RootOrder: 0
--- !u!1 &511193808
GameObject:
  m_ObjectHideFlags: 0
  m_PrefabParentObject: {fileID: 0}
  m_PrefabInternal: {fileID: 0}
  serializedVersion: 4
  m_Component:
  - 4: {fileID: 511193809}
  - 212: {fileID: 511193810}
  m_Layer: 0
  m_Name: Tile Layer 1[42, 20]
  m_TagString: Untagged
  m_Icon: {fileID: 0}
  m_NavMeshLayer: 0
  m_StaticEditorFlags: 0
  m_IsActive: 1
--- !u!4 &511193809
Transform:
  m_ObjectHideFlags: 0
  m_PrefabParentObject: {fileID: 0}
  m_PrefabInternal: {fileID: 0}
  m_GameObject: {fileID: 511193808}
  m_LocalRotation: {x: 0, y: 0, z: 0, w: 1}
  m_LocalPosition: {x: 10.5, y: -5.25, z: 0}
  m_LocalScale: {x: 1, y: 1, z: 1}
  m_Children: []
  m_Father: {fileID: 508061905}
  m_RootOrder: 1
--- !u!212 &511193810
SpriteRenderer:
  m_ObjectHideFlags: 0
  m_PrefabParentObject: {fileID: 0}
  m_PrefabInternal: {fileID: 0}
  m_GameObject: {fileID: 511193808}
  m_Enabled: 1
  m_CastShadows: 0
  m_ReceiveShadows: 0
  m_LightmapIndex: 255
  m_LightmapTilingOffset: {x: 1, y: 1, z: 0, w: 0}
  m_Materials:
  - {fileID: 81278460}
  m_SubsetIndices: 
  m_StaticBatchRoot: {fileID: 0}
  m_UseLightProbes: 0
  m_LightProbeAnchor: {fileID: 0}
  m_ScaleInLightmap: 1
  m_SortingLayerID: 0
  m_SortingOrder: 0
  m_Sprite: {fileID: 327395048}
  m_Color: {r: 1, g: 1, b: 1, a: 1}
--- !u!213 &585234212
Sprite:
  m_ObjectHideFlags: 0
  m_PrefabParentObject: {fileID: 0}
  m_PrefabInternal: {fileID: 0}
  m_Name: 1
  m_Rect:
    serializedVersion: 2
    x: 0
    y: 0
    width: 32
    height: 32
  m_Offset: {x: -16, y: -16}
  m_Border: {x: 0, y: 0, z: 0, w: 0}
  m_PixelsToUnits: 32
  m_Extrude: 0
  m_AtlasName: 
  m_PackingTag: 
  m_RD:
    texture: {fileID: 2800000, guid: 368672b332dce41efa962c6f2bb9fe01, type: 3}
    vertices:
    - serializedVersion: 2
      pos: {x: 0, y: 1, z: 0}
    - serializedVersion: 2
      pos: {x: 1, y: 1, z: 0}
    - serializedVersion: 2
      pos: {x: 0, y: 0, z: 0}
    - serializedVersion: 2
      pos: {x: 1, y: 0, z: 0}
    indices: 000001000200020001000300
    textureRect:
      serializedVersion: 2
      x: 0
      y: 0
      width: 32
      height: 32
    textureRectOffset: {x: 0, y: 0}
    settingsRaw: 128
    uvTransform: {x: 32, y: 0, z: 32, w: 0}
--- !u!213 &637760573
Sprite:
  m_ObjectHideFlags: 0
  m_PrefabParentObject: {fileID: 0}
  m_PrefabInternal: {fileID: 0}
  m_Name: 1
  m_Rect:
    serializedVersion: 2
    x: 0
    y: 0
    width: 32
    height: 32
  m_Offset: {x: -16, y: -16}
  m_Border: {x: 0, y: 0, z: 0, w: 0}
  m_PixelsToUnits: 32
  m_Extrude: 0
  m_AtlasName: 
  m_PackingTag: 
  m_RD:
    texture: {fileID: 2800000, guid: 368672b332dce41efa962c6f2bb9fe01, type: 3}
    vertices:
    - serializedVersion: 2
      pos: {x: 0, y: 1, z: 0}
    - serializedVersion: 2
      pos: {x: 1, y: 1, z: 0}
    - serializedVersion: 2
      pos: {x: 0, y: 0, z: 0}
    - serializedVersion: 2
      pos: {x: 1, y: 0, z: 0}
    indices: 000001000200020001000300
    textureRect:
      serializedVersion: 2
      x: 0
      y: 0
      width: 32
      height: 32
    textureRectOffset: {x: 0, y: 0}
    settingsRaw: 128
    uvTransform: {x: 32, y: 0, z: 32, w: 0}
--- !u!1 &667573706
GameObject:
  m_ObjectHideFlags: 0
  m_PrefabParentObject: {fileID: 0}
  m_PrefabInternal: {fileID: 0}
  serializedVersion: 4
  m_Component:
  - 4: {fileID: 667573707}
  - 212: {fileID: 667573708}
  m_Layer: 0
  m_Name: Ground[2, 31]
  m_TagString: Untagged
  m_Icon: {fileID: 0}
  m_NavMeshLayer: 0
  m_StaticEditorFlags: 0
  m_IsActive: 1
--- !u!4 &667573707
Transform:
  m_ObjectHideFlags: 0
  m_PrefabParentObject: {fileID: 0}
  m_PrefabInternal: {fileID: 0}
  m_GameObject: {fileID: 667573706}
  m_LocalRotation: {x: 0, y: 0, z: 0, w: 1}
  m_LocalPosition: {x: 2, y: -32, z: 0}
  m_LocalScale: {x: 1, y: 1, z: 1}
  m_Children: []
  m_Father: {fileID: 506991405}
  m_RootOrder: 20
--- !u!212 &667573708
SpriteRenderer:
  m_ObjectHideFlags: 0
  m_PrefabParentObject: {fileID: 0}
  m_PrefabInternal: {fileID: 0}
  m_GameObject: {fileID: 667573706}
  m_Enabled: 1
  m_CastShadows: 0
  m_ReceiveShadows: 0
  m_LightmapIndex: 255
  m_LightmapTilingOffset: {x: 1, y: 1, z: 0, w: 0}
  m_Materials:
  - {fileID: 716336221}
  m_SubsetIndices: 
  m_StaticBatchRoot: {fileID: 0}
  m_UseLightProbes: 0
  m_LightProbeAnchor: {fileID: 0}
  m_ScaleInLightmap: 1
  m_SortingLayerID: 0
  m_SortingOrder: 0
  m_Sprite: {fileID: 1401890213}
  m_Color: {r: 1, g: 1, b: 1, a: 1}
--- !u!213 &714627199
Sprite:
  m_ObjectHideFlags: 0
  m_PrefabParentObject: {fileID: 0}
  m_PrefabInternal: {fileID: 0}
  m_Name: 1
  m_Rect:
    serializedVersion: 2
    x: 0
    y: 0
    width: 32
    height: 32
  m_Offset: {x: -16, y: -16}
  m_Border: {x: 0, y: 0, z: 0, w: 0}
  m_PixelsToUnits: 32
  m_Extrude: 0
  m_AtlasName: 
  m_PackingTag: 
  m_RD:
    texture: {fileID: 2800000, guid: 368672b332dce41efa962c6f2bb9fe01, type: 3}
    vertices:
    - serializedVersion: 2
      pos: {x: 0, y: 1, z: 0}
    - serializedVersion: 2
      pos: {x: 1, y: 1, z: 0}
    - serializedVersion: 2
      pos: {x: 0, y: 0, z: 0}
    - serializedVersion: 2
      pos: {x: 1, y: 0, z: 0}
    indices: 000001000200020001000300
    textureRect:
      serializedVersion: 2
      x: 0
      y: 0
      width: 32
      height: 32
    textureRectOffset: {x: 0, y: 0}
    settingsRaw: 128
    uvTransform: {x: 32, y: 0, z: 32, w: 0}
--- !u!21 &716336221
Material:
  serializedVersion: 3
  m_ObjectHideFlags: 0
  m_PrefabParentObject: {fileID: 0}
  m_PrefabInternal: {fileID: 0}
  m_Name: DefaultSpriteMaterial
  m_Shader: {fileID: 10753, guid: 0000000000000000e000000000000000, type: 0}
  m_ShaderKeywords: []
  m_CustomRenderQueue: -1
  m_SavedProperties:
    serializedVersion: 2
    m_TexEnvs:
      data:
        first:
          name: _MainTex
        second:
          m_Texture: {fileID: 2800000, guid: 368672b332dce41efa962c6f2bb9fe01, type: 3}
          m_Scale: {x: 1, y: 1}
          m_Offset: {x: 0, y: 0}
    m_Floats:
      data:
        first:
          name: PixelSnap
        second: 0
    m_Colors:
      data:
        first:
          name: _Color
        second: {r: 1, g: 1, b: 1, a: 1}
--- !u!213 &739972443
Sprite:
  m_ObjectHideFlags: 0
  m_PrefabParentObject: {fileID: 0}
  m_PrefabInternal: {fileID: 0}
  m_Name: 1
  m_Rect:
    serializedVersion: 2
    x: 0
    y: 0
    width: 32
    height: 32
  m_Offset: {x: -16, y: -16}
  m_Border: {x: 0, y: 0, z: 0, w: 0}
  m_PixelsToUnits: 32
  m_Extrude: 0
  m_AtlasName: 
  m_PackingTag: 
  m_RD:
    texture: {fileID: 2800000, guid: 368672b332dce41efa962c6f2bb9fe01, type: 3}
    vertices:
    - serializedVersion: 2
      pos: {x: 0, y: 1, z: 0}
    - serializedVersion: 2
      pos: {x: 1, y: 1, z: 0}
    - serializedVersion: 2
      pos: {x: 0, y: 0, z: 0}
    - serializedVersion: 2
      pos: {x: 1, y: 0, z: 0}
    indices: 000001000200020001000300
    textureRect:
      serializedVersion: 2
      x: 0
      y: 0
      width: 32
      height: 32
    textureRectOffset: {x: 0, y: 0}
    settingsRaw: 128
    uvTransform: {x: 32, y: 0, z: 32, w: 0}
--- !u!213 &745439076
Sprite:
  m_ObjectHideFlags: 0
  m_PrefabParentObject: {fileID: 0}
  m_PrefabInternal: {fileID: 0}
  m_Name: 1
  m_Rect:
    serializedVersion: 2
    x: 0
    y: 0
    width: 32
    height: 32
  m_Offset: {x: -16, y: -16}
  m_Border: {x: 0, y: 0, z: 0, w: 0}
  m_PixelsToUnits: 32
  m_Extrude: 0
  m_AtlasName: 
  m_PackingTag: 
  m_RD:
    texture: {fileID: 2800000, guid: 368672b332dce41efa962c6f2bb9fe01, type: 3}
    vertices:
    - serializedVersion: 2
      pos: {x: 0, y: 1, z: 0}
    - serializedVersion: 2
      pos: {x: 1, y: 1, z: 0}
    - serializedVersion: 2
      pos: {x: 0, y: 0, z: 0}
    - serializedVersion: 2
      pos: {x: 1, y: 0, z: 0}
    indices: 000001000200020001000300
    textureRect:
      serializedVersion: 2
      x: 0
      y: 0
      width: 32
      height: 32
    textureRectOffset: {x: 0, y: 0}
    settingsRaw: 128
    uvTransform: {x: 32, y: 0, z: 32, w: 0}
--- !u!213 &781150107
Sprite:
  m_ObjectHideFlags: 0
  m_PrefabParentObject: {fileID: 0}
  m_PrefabInternal: {fileID: 0}
  m_Name: 1
  m_Rect:
    serializedVersion: 2
    x: 0
    y: 0
    width: 32
    height: 32
  m_Offset: {x: -16, y: -16}
  m_Border: {x: 0, y: 0, z: 0, w: 0}
  m_PixelsToUnits: 32
  m_Extrude: 0
  m_AtlasName: 
  m_PackingTag: 
  m_RD:
    texture: {fileID: 2800000, guid: 368672b332dce41efa962c6f2bb9fe01, type: 3}
    vertices:
    - serializedVersion: 2
      pos: {x: 0, y: 1, z: 0}
    - serializedVersion: 2
      pos: {x: 1, y: 1, z: 0}
    - serializedVersion: 2
      pos: {x: 0, y: 0, z: 0}
    - serializedVersion: 2
      pos: {x: 1, y: 0, z: 0}
    indices: 000001000200020001000300
    textureRect:
      serializedVersion: 2
      x: 0
      y: 0
      width: 32
      height: 32
    textureRectOffset: {x: 0, y: 0}
    settingsRaw: 128
    uvTransform: {x: 32, y: 0, z: 32, w: 0}
--- !u!1 &845565798
GameObject:
  m_ObjectHideFlags: 0
  m_PrefabParentObject: {fileID: 0}
  m_PrefabInternal: {fileID: 0}
  serializedVersion: 4
  m_Component:
  - 4: {fileID: 845565799}
  - 212: {fileID: 845565800}
  m_Layer: 0
  m_Name: Ground[22, 31]
  m_TagString: Untagged
  m_Icon: {fileID: 0}
  m_NavMeshLayer: 0
  m_StaticEditorFlags: 0
  m_IsActive: 1
--- !u!4 &845565799
Transform:
  m_ObjectHideFlags: 0
  m_PrefabParentObject: {fileID: 0}
  m_PrefabInternal: {fileID: 0}
  m_GameObject: {fileID: 845565798}
  m_LocalRotation: {x: 0, y: 0, z: 0, w: 1}
  m_LocalPosition: {x: 22, y: -32, z: 0}
  m_LocalScale: {x: 1, y: 1, z: 1}
  m_Children: []
  m_Father: {fileID: 506991405}
  m_RootOrder: 0
--- !u!212 &845565800
SpriteRenderer:
  m_ObjectHideFlags: 0
  m_PrefabParentObject: {fileID: 0}
  m_PrefabInternal: {fileID: 0}
  m_GameObject: {fileID: 845565798}
  m_Enabled: 1
  m_CastShadows: 0
  m_ReceiveShadows: 0
  m_LightmapIndex: 255
  m_LightmapTilingOffset: {x: 1, y: 1, z: 0, w: 0}
  m_Materials:
  - {fileID: 716336221}
  m_SubsetIndices: 
  m_StaticBatchRoot: {fileID: 0}
  m_UseLightProbes: 0
  m_LightProbeAnchor: {fileID: 0}
  m_ScaleInLightmap: 1
  m_SortingLayerID: 0
  m_SortingOrder: 0
  m_Sprite: {fileID: 1727591038}
  m_Color: {r: 1, g: 1, b: 1, a: 1}
--- !u!1 &863465254
GameObject:
  m_ObjectHideFlags: 0
  m_PrefabParentObject: {fileID: 0}
  m_PrefabInternal: {fileID: 0}
  serializedVersion: 4
  m_Component:
  - 4: {fileID: 863465255}
  - 212: {fileID: 863465256}
  m_Layer: 0
  m_Name: Tile Layer 1[14, 20]
  m_TagString: Untagged
  m_Icon: {fileID: 0}
  m_NavMeshLayer: 0
  m_StaticEditorFlags: 0
  m_IsActive: 1
--- !u!4 &863465255
Transform:
  m_ObjectHideFlags: 0
  m_PrefabParentObject: {fileID: 0}
  m_PrefabInternal: {fileID: 0}
  m_GameObject: {fileID: 863465254}
  m_LocalRotation: {x: 0, y: 0, z: 0, w: 1}
  m_LocalPosition: {x: 3.5, y: -5.25, z: 0}
  m_LocalScale: {x: 1, y: 1, z: 1}
  m_Children: []
  m_Father: {fileID: 508061905}
  m_RootOrder: 7
--- !u!212 &863465256
SpriteRenderer:
  m_ObjectHideFlags: 0
  m_PrefabParentObject: {fileID: 0}
  m_PrefabInternal: {fileID: 0}
  m_GameObject: {fileID: 863465254}
  m_Enabled: 1
  m_CastShadows: 0
  m_ReceiveShadows: 0
  m_LightmapIndex: 255
  m_LightmapTilingOffset: {x: 1, y: 1, z: 0, w: 0}
  m_Materials:
  - {fileID: 81278460}
  m_SubsetIndices: 
  m_StaticBatchRoot: {fileID: 0}
  m_UseLightProbes: 0
  m_LightProbeAnchor: {fileID: 0}
  m_ScaleInLightmap: 1
  m_SortingLayerID: 0
  m_SortingOrder: 0
  m_Sprite: {fileID: 1940898258}
  m_Color: {r: 1, g: 1, b: 1, a: 1}
--- !u!1 &937891377
GameObject:
  m_ObjectHideFlags: 0
  m_PrefabParentObject: {fileID: 0}
  m_PrefabInternal: {fileID: 0}
  serializedVersion: 4
  m_Component:
  - 4: {fileID: 937891378}
  - 212: {fileID: 937891379}
  m_Layer: 0
  m_Name: Ground[7, 31]
  m_TagString: Untagged
  m_Icon: {fileID: 0}
  m_NavMeshLayer: 0
  m_StaticEditorFlags: 0
  m_IsActive: 1
--- !u!4 &937891378
Transform:
  m_ObjectHideFlags: 0
  m_PrefabParentObject: {fileID: 0}
  m_PrefabInternal: {fileID: 0}
  m_GameObject: {fileID: 937891377}
  m_LocalRotation: {x: 0, y: 0, z: 0, w: 1}
  m_LocalPosition: {x: 7, y: -32, z: 0}
  m_LocalScale: {x: 1, y: 1, z: 1}
  m_Children: []
  m_Father: {fileID: 506991405}
  m_RootOrder: 15
--- !u!212 &937891379
SpriteRenderer:
  m_ObjectHideFlags: 0
  m_PrefabParentObject: {fileID: 0}
  m_PrefabInternal: {fileID: 0}
  m_GameObject: {fileID: 937891377}
  m_Enabled: 1
  m_CastShadows: 0
  m_ReceiveShadows: 0
  m_LightmapIndex: 255
  m_LightmapTilingOffset: {x: 1, y: 1, z: 0, w: 0}
  m_Materials:
  - {fileID: 716336221}
  m_SubsetIndices: 
  m_StaticBatchRoot: {fileID: 0}
  m_UseLightProbes: 0
  m_LightProbeAnchor: {fileID: 0}
  m_ScaleInLightmap: 1
  m_SortingLayerID: 0
  m_SortingOrder: 0
  m_Sprite: {fileID: 376637897}
  m_Color: {r: 1, g: 1, b: 1, a: 1}
--- !u!213 &1009175034
Sprite:
  m_ObjectHideFlags: 0
  m_PrefabParentObject: {fileID: 0}
  m_PrefabInternal: {fileID: 0}
  m_Name: 1
  m_Rect:
    serializedVersion: 2
    x: 0
    y: 0
    width: 32
    height: 32
  m_Offset: {x: -16, y: -16}
  m_Border: {x: 0, y: 0, z: 0, w: 0}
  m_PixelsToUnits: 32
  m_Extrude: 0
  m_AtlasName: 
  m_PackingTag: 
  m_RD:
    texture: {fileID: 2800000, guid: 368672b332dce41efa962c6f2bb9fe01, type: 3}
    vertices:
    - serializedVersion: 2
      pos: {x: 0, y: 1, z: 0}
    - serializedVersion: 2
      pos: {x: 1, y: 1, z: 0}
    - serializedVersion: 2
      pos: {x: 0, y: 0, z: 0}
    - serializedVersion: 2
      pos: {x: 1, y: 0, z: 0}
    indices: 000001000200020001000300
    textureRect:
      serializedVersion: 2
      x: 0
      y: 0
      width: 32
      height: 32
    textureRectOffset: {x: 0, y: 0}
    settingsRaw: 128
    uvTransform: {x: 32, y: 0, z: 32, w: 0}
--- !u!213 &1140386554
Sprite:
  m_ObjectHideFlags: 0
  m_PrefabParentObject: {fileID: 0}
  m_PrefabInternal: {fileID: 0}
  m_Name: 1
  m_Rect:
    serializedVersion: 2
    x: 0
    y: 0
    width: 32
    height: 32
  m_Offset: {x: -16, y: -16}
  m_Border: {x: 0, y: 0, z: 0, w: 0}
  m_PixelsToUnits: 32
  m_Extrude: 0
  m_AtlasName: 
  m_PackingTag: 
  m_RD:
    texture: {fileID: 2800000, guid: 368672b332dce41efa962c6f2bb9fe01, type: 3}
    vertices:
    - serializedVersion: 2
      pos: {x: 0, y: 1, z: 0}
    - serializedVersion: 2
      pos: {x: 1, y: 1, z: 0}
    - serializedVersion: 2
      pos: {x: 0, y: 0, z: 0}
    - serializedVersion: 2
      pos: {x: 1, y: 0, z: 0}
    indices: 000001000200020001000300
    textureRect:
      serializedVersion: 2
      x: 0
      y: 0
      width: 32
      height: 32
    textureRectOffset: {x: 0, y: 0}
    settingsRaw: 128
    uvTransform: {x: 32, y: 0, z: 32, w: 0}
--- !u!1 &1154505099
GameObject:
  m_ObjectHideFlags: 0
  m_PrefabParentObject: {fileID: 0}
  m_PrefabInternal: {fileID: 0}
  serializedVersion: 4
  m_Component:
  - 4: {fileID: 1154505100}
  - 212: {fileID: 1154505101}
  m_Layer: 0
  m_Name: Ground[14, 31]
  m_TagString: Untagged
  m_Icon: {fileID: 0}
  m_NavMeshLayer: 0
  m_StaticEditorFlags: 0
  m_IsActive: 1
--- !u!4 &1154505100
Transform:
  m_ObjectHideFlags: 0
  m_PrefabParentObject: {fileID: 0}
  m_PrefabInternal: {fileID: 0}
  m_GameObject: {fileID: 1154505099}
  m_LocalRotation: {x: 0, y: 0, z: 0, w: 1}
  m_LocalPosition: {x: 14, y: -32, z: 0}
  m_LocalScale: {x: 1, y: 1, z: 1}
  m_Children: []
  m_Father: {fileID: 506991405}
  m_RootOrder: 8
--- !u!212 &1154505101
SpriteRenderer:
  m_ObjectHideFlags: 0
  m_PrefabParentObject: {fileID: 0}
  m_PrefabInternal: {fileID: 0}
  m_GameObject: {fileID: 1154505099}
  m_Enabled: 1
  m_CastShadows: 0
  m_ReceiveShadows: 0
  m_LightmapIndex: 255
  m_LightmapTilingOffset: {x: 1, y: 1, z: 0, w: 0}
  m_Materials:
  - {fileID: 716336221}
  m_SubsetIndices: 
  m_StaticBatchRoot: {fileID: 0}
  m_UseLightProbes: 0
  m_LightProbeAnchor: {fileID: 0}
  m_ScaleInLightmap: 1
  m_SortingLayerID: 0
  m_SortingOrder: 0
  m_Sprite: {fileID: 189743881}
  m_Color: {r: 1, g: 1, b: 1, a: 1}
--- !u!1 &1243079454
GameObject:
  m_ObjectHideFlags: 0
  m_PrefabParentObject: {fileID: 0}
  m_PrefabInternal: {fileID: 0}
  serializedVersion: 4
  m_Component:
  - 4: {fileID: 1243079455}
  - 212: {fileID: 1243079456}
  m_Layer: 0
  m_Name: Tile Layer 1[6, 20]
  m_TagString: Untagged
  m_Icon: {fileID: 0}
  m_NavMeshLayer: 0
  m_StaticEditorFlags: 0
  m_IsActive: 1
--- !u!4 &1243079455
Transform:
  m_ObjectHideFlags: 0
  m_PrefabParentObject: {fileID: 0}
  m_PrefabInternal: {fileID: 0}
  m_GameObject: {fileID: 1243079454}
  m_LocalRotation: {x: 0, y: 0, z: 0, w: 1}
  m_LocalPosition: {x: 1.5, y: -5.25, z: 0}
  m_LocalScale: {x: 1, y: 1, z: 1}
  m_Children: []
  m_Father: {fileID: 508061905}
  m_RootOrder: 9
--- !u!212 &1243079456
SpriteRenderer:
  m_ObjectHideFlags: 0
  m_PrefabParentObject: {fileID: 0}
  m_PrefabInternal: {fileID: 0}
  m_GameObject: {fileID: 1243079454}
  m_Enabled: 1
  m_CastShadows: 0
  m_ReceiveShadows: 0
  m_LightmapIndex: 255
  m_LightmapTilingOffset: {x: 1, y: 1, z: 0, w: 0}
  m_Materials:
  - {fileID: 81278460}
  m_SubsetIndices: 
  m_StaticBatchRoot: {fileID: 0}
  m_UseLightProbes: 0
  m_LightProbeAnchor: {fileID: 0}
  m_ScaleInLightmap: 1
  m_SortingLayerID: 0
  m_SortingOrder: 0
  m_Sprite: {fileID: 1598381909}
  m_Color: {r: 1, g: 1, b: 1, a: 1}
--- !u!1 &1243106144
GameObject:
  m_ObjectHideFlags: 0
  m_PrefabParentObject: {fileID: 0}
  m_PrefabInternal: {fileID: 0}
  serializedVersion: 4
  m_Component:
  - 4: {fileID: 1243106145}
  - 212: {fileID: 1243106146}
  m_Layer: 0
  m_Name: Ground[11, 31]
  m_TagString: Untagged
  m_Icon: {fileID: 0}
  m_NavMeshLayer: 0
  m_StaticEditorFlags: 0
  m_IsActive: 1
--- !u!4 &1243106145
Transform:
  m_ObjectHideFlags: 0
  m_PrefabParentObject: {fileID: 0}
  m_PrefabInternal: {fileID: 0}
  m_GameObject: {fileID: 1243106144}
  m_LocalRotation: {x: 0, y: 0, z: 0, w: 1}
  m_LocalPosition: {x: 11, y: -32, z: 0}
  m_LocalScale: {x: 1, y: 1, z: 1}
  m_Children: []
  m_Father: {fileID: 506991405}
  m_RootOrder: 11
--- !u!212 &1243106146
SpriteRenderer:
  m_ObjectHideFlags: 0
  m_PrefabParentObject: {fileID: 0}
  m_PrefabInternal: {fileID: 0}
  m_GameObject: {fileID: 1243106144}
  m_Enabled: 1
  m_CastShadows: 0
  m_ReceiveShadows: 0
  m_LightmapIndex: 255
  m_LightmapTilingOffset: {x: 1, y: 1, z: 0, w: 0}
  m_Materials:
  - {fileID: 716336221}
  m_SubsetIndices: 
  m_StaticBatchRoot: {fileID: 0}
  m_UseLightProbes: 0
  m_LightProbeAnchor: {fileID: 0}
  m_ScaleInLightmap: 1
  m_SortingLayerID: 0
  m_SortingOrder: 0
  m_Sprite: {fileID: 197337451}
  m_Color: {r: 1, g: 1, b: 1, a: 1}
--- !u!1 &1250150709
GameObject:
  m_ObjectHideFlags: 0
  m_PrefabParentObject: {fileID: 0}
  m_PrefabInternal: {fileID: 0}
  serializedVersion: 4
  m_Component:
  - 4: {fileID: 1250150710}
  - 61: {fileID: 1250150711}
  m_Layer: 0
  m_Name: Collisions_Object
  m_TagString: Untagged
  m_Icon: {fileID: 0}
  m_NavMeshLayer: 0
  m_StaticEditorFlags: 4294967295
  m_IsActive: 1
--- !u!4 &1250150710
Transform:
  m_ObjectHideFlags: 0
  m_PrefabParentObject: {fileID: 0}
  m_PrefabInternal: {fileID: 0}
  m_GameObject: {fileID: 1250150709}
  m_LocalRotation: {x: 0, y: 0, z: 0, w: 1}
  m_LocalPosition: {x: .15625, y: -31.03125, z: 0}
  m_LocalScale: {x: 1, y: 1, z: 1}
  m_Children: []
  m_Father: {fileID: 1824673959}
  m_RootOrder: 1
--- !u!61 &1250150711
BoxCollider2D:
  m_ObjectHideFlags: 0
  m_PrefabParentObject: {fileID: 0}
  m_PrefabInternal: {fileID: 0}
  m_GameObject: {fileID: 1250150709}
  m_Enabled: 1
  m_Material: {fileID: 0}
  m_IsTrigger: 0
  m_Size: {x: 22.84375, y: .96875}
  m_Center: {x: 11.421875, y: -.484375}
--- !u!213 &1251177379
Sprite:
  m_ObjectHideFlags: 0
  m_PrefabParentObject: {fileID: 0}
  m_PrefabInternal: {fileID: 0}
  m_Name: 1
  m_Rect:
    serializedVersion: 2
    x: 0
    y: 0
    width: 32
    height: 32
  m_Offset: {x: -16, y: -16}
  m_Border: {x: 0, y: 0, z: 0, w: 0}
  m_PixelsToUnits: 32
  m_Extrude: 0
  m_AtlasName: 
  m_PackingTag: 
  m_RD:
    texture: {fileID: 2800000, guid: 368672b332dce41efa962c6f2bb9fe01, type: 3}
    vertices:
    - serializedVersion: 2
      pos: {x: 0, y: 1, z: 0}
    - serializedVersion: 2
      pos: {x: 1, y: 1, z: 0}
    - serializedVersion: 2
      pos: {x: 0, y: 0, z: 0}
    - serializedVersion: 2
      pos: {x: 1, y: 0, z: 0}
    indices: 000001000200020001000300
    textureRect:
      serializedVersion: 2
      x: 0
      y: 0
      width: 32
      height: 32
    textureRectOffset: {x: 0, y: 0}
    settingsRaw: 128
    uvTransform: {x: 32, y: 0, z: 32, w: 0}
--- !u!1 &1259176853
GameObject:
  m_ObjectHideFlags: 0
  m_PrefabParentObject: {fileID: 0}
  m_PrefabInternal: {fileID: 0}
  serializedVersion: 4
  m_Component:
  - 4: {fileID: 1259176854}
  - 212: {fileID: 1259176855}
  m_Layer: 0
  m_Name: Tile Layer 1[18, 20]
  m_TagString: Untagged
  m_Icon: {fileID: 0}
  m_NavMeshLayer: 0
  m_StaticEditorFlags: 0
  m_IsActive: 1
--- !u!4 &1259176854
Transform:
  m_ObjectHideFlags: 0
  m_PrefabParentObject: {fileID: 0}
  m_PrefabInternal: {fileID: 0}
  m_GameObject: {fileID: 1259176853}
  m_LocalRotation: {x: 0, y: 0, z: 0, w: 1}
  m_LocalPosition: {x: 4.5, y: -5.25, z: 0}
  m_LocalScale: {x: 1, y: 1, z: 1}
  m_Children: []
  m_Father: {fileID: 508061905}
  m_RootOrder: 6
--- !u!212 &1259176855
SpriteRenderer:
  m_ObjectHideFlags: 0
  m_PrefabParentObject: {fileID: 0}
  m_PrefabInternal: {fileID: 0}
  m_GameObject: {fileID: 1259176853}
  m_Enabled: 1
  m_CastShadows: 0
  m_ReceiveShadows: 0
  m_LightmapIndex: 255
  m_LightmapTilingOffset: {x: 1, y: 1, z: 0, w: 0}
  m_Materials:
  - {fileID: 81278460}
  m_SubsetIndices: 
  m_StaticBatchRoot: {fileID: 0}
  m_UseLightProbes: 0
  m_LightProbeAnchor: {fileID: 0}
  m_ScaleInLightmap: 1
  m_SortingLayerID: 0
  m_SortingOrder: 0
  m_Sprite: {fileID: 1009175034}
  m_Color: {r: 1, g: 1, b: 1, a: 1}
--- !u!1 &1376591548
GameObject:
  m_ObjectHideFlags: 0
  m_PrefabParentObject: {fileID: 100000, guid: ac12b59baa8344d1aaa3f0d434de6482, type: 2}
  m_PrefabInternal: {fileID: 0}
  serializedVersion: 4
  m_Component:
  - 4: {fileID: 1376591549}
  - 114: {fileID: 1376591550}
  m_Layer: 0
  m_Name: World
  m_TagString: Untagged
  m_Icon: {fileID: 0}
  m_NavMeshLayer: 0
  m_StaticEditorFlags: 0
  m_IsActive: 1
--- !u!4 &1376591549
Transform:
  m_ObjectHideFlags: 0
  m_PrefabParentObject: {fileID: 400000, guid: ac12b59baa8344d1aaa3f0d434de6482, type: 2}
  m_PrefabInternal: {fileID: 0}
  m_GameObject: {fileID: 1376591548}
  m_LocalRotation: {x: 0, y: 0, z: 0, w: 1}
  m_LocalPosition: {x: -4.54370022, y: -1.0546, z: 0}
  m_LocalScale: {x: 1, y: 1, z: 1}
  m_Children:
  - {fileID: 1798465301}
  - {fileID: 1990928158}
  m_Father: {fileID: 0}
  m_RootOrder: 1
--- !u!114 &1376591550
MonoBehaviour:
  m_ObjectHideFlags: 0
  m_PrefabParentObject: {fileID: 11400000, guid: ac12b59baa8344d1aaa3f0d434de6482,
    type: 2}
  m_PrefabInternal: {fileID: 0}
  m_GameObject: {fileID: 1376591548}
  m_Enabled: 1
  m_EditorHideFlags: 0
  m_Script: {fileID: 11500000, guid: f9dcca3dcaaae433ca89ecdc4673287b, type: 3}
  m_Name: 
  m_EditorClassIdentifier: 
  firstWorld: {fileID: 1990928159}
  secondWorld: {fileID: 1798465302}
--- !u!213 &1385699730
Sprite:
  m_ObjectHideFlags: 0
  m_PrefabParentObject: {fileID: 0}
  m_PrefabInternal: {fileID: 0}
  m_Name: 1
  m_Rect:
    serializedVersion: 2
    x: 0
    y: 0
    width: 32
    height: 32
  m_Offset: {x: -16, y: -16}
  m_Border: {x: 0, y: 0, z: 0, w: 0}
  m_PixelsToUnits: 32
  m_Extrude: 0
  m_AtlasName: 
  m_PackingTag: 
  m_RD:
    texture: {fileID: 2800000, guid: 368672b332dce41efa962c6f2bb9fe01, type: 3}
    vertices:
    - serializedVersion: 2
      pos: {x: 0, y: 1, z: 0}
    - serializedVersion: 2
      pos: {x: 1, y: 1, z: 0}
    - serializedVersion: 2
      pos: {x: 0, y: 0, z: 0}
    - serializedVersion: 2
      pos: {x: 1, y: 0, z: 0}
    indices: 000001000200020001000300
    textureRect:
      serializedVersion: 2
      x: 0
      y: 0
      width: 32
      height: 32
    textureRectOffset: {x: 0, y: 0}
    settingsRaw: 128
    uvTransform: {x: 32, y: 0, z: 32, w: 0}
--- !u!213 &1400358875
Sprite:
  m_ObjectHideFlags: 0
  m_PrefabParentObject: {fileID: 0}
  m_PrefabInternal: {fileID: 0}
  m_Name: 1
  m_Rect:
    serializedVersion: 2
    x: 0
    y: 0
    width: 32
    height: 32
  m_Offset: {x: -16, y: -16}
  m_Border: {x: 0, y: 0, z: 0, w: 0}
  m_PixelsToUnits: 32
  m_Extrude: 0
  m_AtlasName: 
  m_PackingTag: 
  m_RD:
    texture: {fileID: 2800000, guid: 368672b332dce41efa962c6f2bb9fe01, type: 3}
    vertices:
    - serializedVersion: 2
      pos: {x: 0, y: 1, z: 0}
    - serializedVersion: 2
      pos: {x: 1, y: 1, z: 0}
    - serializedVersion: 2
      pos: {x: 0, y: 0, z: 0}
    - serializedVersion: 2
      pos: {x: 1, y: 0, z: 0}
    indices: 000001000200020001000300
    textureRect:
      serializedVersion: 2
      x: 0
      y: 0
      width: 32
      height: 32
    textureRectOffset: {x: 0, y: 0}
    settingsRaw: 128
    uvTransform: {x: 32, y: 0, z: 32, w: 0}
--- !u!213 &1401890213
Sprite:
  m_ObjectHideFlags: 0
  m_PrefabParentObject: {fileID: 0}
  m_PrefabInternal: {fileID: 0}
  m_Name: 1
  m_Rect:
    serializedVersion: 2
    x: 0
    y: 0
    width: 32
    height: 32
  m_Offset: {x: -16, y: -16}
  m_Border: {x: 0, y: 0, z: 0, w: 0}
  m_PixelsToUnits: 32
  m_Extrude: 0
  m_AtlasName: 
  m_PackingTag: 
  m_RD:
    texture: {fileID: 2800000, guid: 368672b332dce41efa962c6f2bb9fe01, type: 3}
    vertices:
    - serializedVersion: 2
      pos: {x: 0, y: 1, z: 0}
    - serializedVersion: 2
      pos: {x: 1, y: 1, z: 0}
    - serializedVersion: 2
      pos: {x: 0, y: 0, z: 0}
    - serializedVersion: 2
      pos: {x: 1, y: 0, z: 0}
    indices: 000001000200020001000300
    textureRect:
      serializedVersion: 2
      x: 0
      y: 0
      width: 32
      height: 32
    textureRectOffset: {x: 0, y: 0}
    settingsRaw: 128
    uvTransform: {x: 32, y: 0, z: 32, w: 0}
--- !u!1 &1466173185
GameObject:
  m_ObjectHideFlags: 0
  m_PrefabParentObject: {fileID: 0}
  m_PrefabInternal: {fileID: 0}
  serializedVersion: 4
  m_Component:
  - 4: {fileID: 1466173186}
  - 212: {fileID: 1466173187}
  m_Layer: 0
  m_Name: Tile Layer 1[2, 20]
  m_TagString: Untagged
  m_Icon: {fileID: 0}
  m_NavMeshLayer: 0
  m_StaticEditorFlags: 0
  m_IsActive: 1
--- !u!4 &1466173186
Transform:
  m_ObjectHideFlags: 0
  m_PrefabParentObject: {fileID: 0}
  m_PrefabInternal: {fileID: 0}
  m_GameObject: {fileID: 1466173185}
  m_LocalRotation: {x: 0, y: 0, z: 0, w: 1}
  m_LocalPosition: {x: .5, y: -5.25, z: 0}
  m_LocalScale: {x: 1, y: 1, z: 1}
  m_Children: []
  m_Father: {fileID: 508061905}
  m_RootOrder: 10
--- !u!212 &1466173187
SpriteRenderer:
  m_ObjectHideFlags: 0
  m_PrefabParentObject: {fileID: 0}
  m_PrefabInternal: {fileID: 0}
  m_GameObject: {fileID: 1466173185}
  m_Enabled: 1
  m_CastShadows: 0
  m_ReceiveShadows: 0
  m_LightmapIndex: 255
  m_LightmapTilingOffset: {x: 1, y: 1, z: 0, w: 0}
  m_Materials:
  - {fileID: 81278460}
  m_SubsetIndices: 
  m_StaticBatchRoot: {fileID: 0}
  m_UseLightProbes: 0
  m_LightProbeAnchor: {fileID: 0}
  m_ScaleInLightmap: 1
  m_SortingLayerID: 0
  m_SortingOrder: 0
  m_Sprite: {fileID: 1385699730}
  m_Color: {r: 1, g: 1, b: 1, a: 1}
--- !u!213 &1511219489
Sprite:
  m_ObjectHideFlags: 0
  m_PrefabParentObject: {fileID: 0}
  m_PrefabInternal: {fileID: 0}
  m_Name: 1
  m_Rect:
    serializedVersion: 2
    x: 0
    y: 0
    width: 32
    height: 32
  m_Offset: {x: -16, y: -16}
  m_Border: {x: 0, y: 0, z: 0, w: 0}
  m_PixelsToUnits: 32
  m_Extrude: 0
  m_AtlasName: 
  m_PackingTag: 
  m_RD:
    texture: {fileID: 2800000, guid: 368672b332dce41efa962c6f2bb9fe01, type: 3}
    vertices:
    - serializedVersion: 2
      pos: {x: 0, y: 1, z: 0}
    - serializedVersion: 2
      pos: {x: 1, y: 1, z: 0}
    - serializedVersion: 2
      pos: {x: 0, y: 0, z: 0}
    - serializedVersion: 2
      pos: {x: 1, y: 0, z: 0}
    indices: 000001000200020001000300
    textureRect:
      serializedVersion: 2
      x: 0
      y: 0
      width: 32
      height: 32
    textureRectOffset: {x: 0, y: 0}
    settingsRaw: 128
    uvTransform: {x: 32, y: 0, z: 32, w: 0}
--- !u!1 &1545807222
GameObject:
  m_ObjectHideFlags: 0
  m_PrefabParentObject: {fileID: 0}
  m_PrefabInternal: {fileID: 0}
  serializedVersion: 4
  m_Component:
  - 4: {fileID: 1545807223}
  - 212: {fileID: 1545807224}
  m_Layer: 0
  m_Name: Ground[5, 31]
  m_TagString: Untagged
  m_Icon: {fileID: 0}
  m_NavMeshLayer: 0
  m_StaticEditorFlags: 0
  m_IsActive: 1
--- !u!4 &1545807223
Transform:
  m_ObjectHideFlags: 0
  m_PrefabParentObject: {fileID: 0}
  m_PrefabInternal: {fileID: 0}
  m_GameObject: {fileID: 1545807222}
  m_LocalRotation: {x: 0, y: 0, z: 0, w: 1}
  m_LocalPosition: {x: 5, y: -32, z: 0}
  m_LocalScale: {x: 1, y: 1, z: 1}
  m_Children: []
  m_Father: {fileID: 506991405}
  m_RootOrder: 17
--- !u!212 &1545807224
SpriteRenderer:
  m_ObjectHideFlags: 0
  m_PrefabParentObject: {fileID: 0}
  m_PrefabInternal: {fileID: 0}
  m_GameObject: {fileID: 1545807222}
  m_Enabled: 1
  m_CastShadows: 0
  m_ReceiveShadows: 0
  m_LightmapIndex: 255
  m_LightmapTilingOffset: {x: 1, y: 1, z: 0, w: 0}
  m_Materials:
  - {fileID: 716336221}
  m_SubsetIndices: 
  m_StaticBatchRoot: {fileID: 0}
  m_UseLightProbes: 0
  m_LightProbeAnchor: {fileID: 0}
  m_ScaleInLightmap: 1
  m_SortingLayerID: 0
  m_SortingOrder: 0
  m_Sprite: {fileID: 1578085671}
  m_Color: {r: 1, g: 1, b: 1, a: 1}
--- !u!213 &1578085671
Sprite:
  m_ObjectHideFlags: 0
  m_PrefabParentObject: {fileID: 0}
  m_PrefabInternal: {fileID: 0}
  m_Name: 1
  m_Rect:
    serializedVersion: 2
    x: 0
    y: 0
    width: 32
    height: 32
  m_Offset: {x: -16, y: -16}
  m_Border: {x: 0, y: 0, z: 0, w: 0}
  m_PixelsToUnits: 32
  m_Extrude: 0
  m_AtlasName: 
  m_PackingTag: 
  m_RD:
    texture: {fileID: 2800000, guid: 368672b332dce41efa962c6f2bb9fe01, type: 3}
    vertices:
    - serializedVersion: 2
      pos: {x: 0, y: 1, z: 0}
    - serializedVersion: 2
      pos: {x: 1, y: 1, z: 0}
    - serializedVersion: 2
      pos: {x: 0, y: 0, z: 0}
    - serializedVersion: 2
      pos: {x: 1, y: 0, z: 0}
    indices: 000001000200020001000300
    textureRect:
      serializedVersion: 2
      x: 0
      y: 0
      width: 32
      height: 32
    textureRectOffset: {x: 0, y: 0}
    settingsRaw: 128
    uvTransform: {x: 32, y: 0, z: 32, w: 0}
--- !u!213 &1598161482
Sprite:
  m_ObjectHideFlags: 0
  m_PrefabParentObject: {fileID: 0}
  m_PrefabInternal: {fileID: 0}
  m_Name: 1
  m_Rect:
    serializedVersion: 2
    x: 0
    y: 0
    width: 32
    height: 32
  m_Offset: {x: -16, y: -16}
  m_Border: {x: 0, y: 0, z: 0, w: 0}
  m_PixelsToUnits: 32
  m_Extrude: 0
  m_AtlasName: 
  m_PackingTag: 
  m_RD:
    texture: {fileID: 2800000, guid: 368672b332dce41efa962c6f2bb9fe01, type: 3}
    vertices:
    - serializedVersion: 2
      pos: {x: 0, y: 1, z: 0}
    - serializedVersion: 2
      pos: {x: 1, y: 1, z: 0}
    - serializedVersion: 2
      pos: {x: 0, y: 0, z: 0}
    - serializedVersion: 2
      pos: {x: 1, y: 0, z: 0}
    indices: 000001000200020001000300
    textureRect:
      serializedVersion: 2
      x: 0
      y: 0
      width: 32
      height: 32
    textureRectOffset: {x: 0, y: 0}
    settingsRaw: 128
    uvTransform: {x: 32, y: 0, z: 32, w: 0}
--- !u!213 &1598381909
Sprite:
  m_ObjectHideFlags: 0
  m_PrefabParentObject: {fileID: 0}
  m_PrefabInternal: {fileID: 0}
  m_Name: 1
  m_Rect:
    serializedVersion: 2
    x: 0
    y: 0
    width: 32
    height: 32
  m_Offset: {x: -16, y: -16}
  m_Border: {x: 0, y: 0, z: 0, w: 0}
  m_PixelsToUnits: 32
  m_Extrude: 0
  m_AtlasName: 
  m_PackingTag: 
  m_RD:
    texture: {fileID: 2800000, guid: 368672b332dce41efa962c6f2bb9fe01, type: 3}
    vertices:
    - serializedVersion: 2
      pos: {x: 0, y: 1, z: 0}
    - serializedVersion: 2
      pos: {x: 1, y: 1, z: 0}
    - serializedVersion: 2
      pos: {x: 0, y: 0, z: 0}
    - serializedVersion: 2
      pos: {x: 1, y: 0, z: 0}
    indices: 000001000200020001000300
    textureRect:
      serializedVersion: 2
      x: 0
      y: 0
      width: 32
      height: 32
    textureRectOffset: {x: 0, y: 0}
    settingsRaw: 128
    uvTransform: {x: 32, y: 0, z: 32, w: 0}
--- !u!213 &1607751493
Sprite:
  m_ObjectHideFlags: 0
  m_PrefabParentObject: {fileID: 0}
  m_PrefabInternal: {fileID: 0}
  m_Name: 1
  m_Rect:
    serializedVersion: 2
    x: 0
    y: 0
    width: 32
    height: 32
  m_Offset: {x: -16, y: -16}
  m_Border: {x: 0, y: 0, z: 0, w: 0}
  m_PixelsToUnits: 32
  m_Extrude: 0
  m_AtlasName: 
  m_PackingTag: 
  m_RD:
    texture: {fileID: 2800000, guid: 368672b332dce41efa962c6f2bb9fe01, type: 3}
    vertices:
    - serializedVersion: 2
      pos: {x: 0, y: 1, z: 0}
    - serializedVersion: 2
      pos: {x: 1, y: 1, z: 0}
    - serializedVersion: 2
      pos: {x: 0, y: 0, z: 0}
    - serializedVersion: 2
      pos: {x: 1, y: 0, z: 0}
    indices: 000001000200020001000300
    textureRect:
      serializedVersion: 2
      x: 0
      y: 0
      width: 32
      height: 32
    textureRectOffset: {x: 0, y: 0}
    settingsRaw: 128
    uvTransform: {x: 32, y: 0, z: 32, w: 0}
--- !u!1 &1703582697
GameObject:
  m_ObjectHideFlags: 0
  m_PrefabParentObject: {fileID: 0}
  m_PrefabInternal: {fileID: 0}
  serializedVersion: 4
  m_Component:
  - 4: {fileID: 1703582702}
  - 20: {fileID: 1703582701}
  - 92: {fileID: 1703582700}
  - 124: {fileID: 1703582699}
  - 81: {fileID: 1703582698}
  m_Layer: 0
  m_Name: Main Camera
  m_TagString: MainCamera
  m_Icon: {fileID: 0}
  m_NavMeshLayer: 0
  m_StaticEditorFlags: 0
  m_IsActive: 1
--- !u!81 &1703582698
AudioListener:
  m_ObjectHideFlags: 0
  m_PrefabParentObject: {fileID: 0}
  m_PrefabInternal: {fileID: 0}
  m_GameObject: {fileID: 1703582697}
  m_Enabled: 1
--- !u!124 &1703582699
Behaviour:
  m_ObjectHideFlags: 0
  m_PrefabParentObject: {fileID: 0}
  m_PrefabInternal: {fileID: 0}
  m_GameObject: {fileID: 1703582697}
  m_Enabled: 1
--- !u!92 &1703582700
Behaviour:
  m_ObjectHideFlags: 0
  m_PrefabParentObject: {fileID: 0}
  m_PrefabInternal: {fileID: 0}
  m_GameObject: {fileID: 1703582697}
  m_Enabled: 1
--- !u!20 &1703582701
Camera:
  m_ObjectHideFlags: 0
  m_PrefabParentObject: {fileID: 0}
  m_PrefabInternal: {fileID: 0}
  m_GameObject: {fileID: 1703582697}
  m_Enabled: 1
  serializedVersion: 2
  m_ClearFlags: 1
  m_BackGroundColor: {r: .192156866, g: .301960796, b: .474509805, a: .0196078438}
  m_NormalizedViewPortRect:
    serializedVersion: 2
    x: 0
    y: 0
    width: 1
    height: 1
  near clip plane: .300000012
  far clip plane: 1000
  field of view: 60
  orthographic: 1
  orthographic size: 5
  m_Depth: -1
  m_CullingMask:
    serializedVersion: 2
    m_Bits: 4294967295
  m_RenderingPath: -1
  m_TargetTexture: {fileID: 0}
  m_TargetDisplay: 0
  m_HDR: 0
  m_OcclusionCulling: 1
  m_StereoConvergence: 10
  m_StereoSeparation: .0219999999
--- !u!4 &1703582702
Transform:
  m_ObjectHideFlags: 0
  m_PrefabParentObject: {fileID: 0}
  m_PrefabInternal: {fileID: 0}
  m_GameObject: {fileID: 1703582697}
  m_LocalRotation: {x: 0, y: 0, z: 0, w: 1}
  m_LocalPosition: {x: 0, y: 0, z: -10}
  m_LocalScale: {x: 1, y: 1, z: 1}
  m_Children: []
  m_Father: {fileID: 0}
  m_RootOrder: 2
--- !u!1001 &1704366900
Prefab:
  m_ObjectHideFlags: 0
  serializedVersion: 2
  m_Modification:
    m_TransformParent: {fileID: 0}
    m_Modifications:
    - target: {fileID: 400000, guid: 2fd5ba257b7ae425fbecd00024b1f243, type: 2}
      propertyPath: m_LocalPosition.x
      value: 5.45149994
      objectReference: {fileID: 0}
    - target: {fileID: 400000, guid: 2fd5ba257b7ae425fbecd00024b1f243, type: 2}
      propertyPath: m_LocalPosition.y
      value: -2.47149992
      objectReference: {fileID: 0}
    - target: {fileID: 400000, guid: 2fd5ba257b7ae425fbecd00024b1f243, type: 2}
      propertyPath: m_LocalPosition.z
      value: 0
      objectReference: {fileID: 0}
    - target: {fileID: 400000, guid: 2fd5ba257b7ae425fbecd00024b1f243, type: 2}
      propertyPath: m_LocalRotation.x
      value: 0
      objectReference: {fileID: 0}
    - target: {fileID: 400000, guid: 2fd5ba257b7ae425fbecd00024b1f243, type: 2}
      propertyPath: m_LocalRotation.y
      value: 0
      objectReference: {fileID: 0}
    - target: {fileID: 400000, guid: 2fd5ba257b7ae425fbecd00024b1f243, type: 2}
      propertyPath: m_LocalRotation.z
      value: 0
      objectReference: {fileID: 0}
    - target: {fileID: 400000, guid: 2fd5ba257b7ae425fbecd00024b1f243, type: 2}
      propertyPath: m_LocalRotation.w
      value: 1
      objectReference: {fileID: 0}
    - target: {fileID: 400000, guid: 2fd5ba257b7ae425fbecd00024b1f243, type: 2}
      propertyPath: m_RootOrder
      value: 0
      objectReference: {fileID: 0}
    m_RemovedComponents: []
  m_ParentPrefab: {fileID: 100100000, guid: 2fd5ba257b7ae425fbecd00024b1f243, type: 2}
  m_RootGameObject: {fileID: 119161625}
  m_IsPrefabParent: 0
  m_IsExploded: 1
--- !u!1 &1711262961
GameObject:
  m_ObjectHideFlags: 0
  m_PrefabParentObject: {fileID: 0}
  m_PrefabInternal: {fileID: 0}
  serializedVersion: 4
  m_Component:
  - 4: {fileID: 1711262962}
  - 212: {fileID: 1711262963}
  m_Layer: 0
  m_Name: Tile Layer 1[34, 20]
  m_TagString: Untagged
  m_Icon: {fileID: 0}
  m_NavMeshLayer: 0
  m_StaticEditorFlags: 0
  m_IsActive: 1
--- !u!4 &1711262962
Transform:
  m_ObjectHideFlags: 0
  m_PrefabParentObject: {fileID: 0}
  m_PrefabInternal: {fileID: 0}
  m_GameObject: {fileID: 1711262961}
  m_LocalRotation: {x: 0, y: 0, z: 0, w: 1}
  m_LocalPosition: {x: 8.5, y: -5.25, z: 0}
  m_LocalScale: {x: 1, y: 1, z: 1}
  m_Children: []
  m_Father: {fileID: 508061905}
  m_RootOrder: 3
--- !u!212 &1711262963
SpriteRenderer:
  m_ObjectHideFlags: 0
  m_PrefabParentObject: {fileID: 0}
  m_PrefabInternal: {fileID: 0}
  m_GameObject: {fileID: 1711262961}
  m_Enabled: 1
  m_CastShadows: 0
  m_ReceiveShadows: 0
  m_LightmapIndex: 255
  m_LightmapTilingOffset: {x: 1, y: 1, z: 0, w: 0}
  m_Materials:
  - {fileID: 81278460}
  m_SubsetIndices: 
  m_StaticBatchRoot: {fileID: 0}
  m_UseLightProbes: 0
  m_LightProbeAnchor: {fileID: 0}
  m_ScaleInLightmap: 1
  m_SortingLayerID: 0
  m_SortingOrder: 0
  m_Sprite: {fileID: 466377000}
  m_Color: {r: 1, g: 1, b: 1, a: 1}
--- !u!213 &1727591038
Sprite:
  m_ObjectHideFlags: 0
  m_PrefabParentObject: {fileID: 0}
  m_PrefabInternal: {fileID: 0}
  m_Name: 1
  m_Rect:
    serializedVersion: 2
    x: 0
    y: 0
    width: 32
    height: 32
  m_Offset: {x: -16, y: -16}
  m_Border: {x: 0, y: 0, z: 0, w: 0}
  m_PixelsToUnits: 32
  m_Extrude: 0
  m_AtlasName: 
  m_PackingTag: 
  m_RD:
    texture: {fileID: 2800000, guid: 368672b332dce41efa962c6f2bb9fe01, type: 3}
    vertices:
    - serializedVersion: 2
      pos: {x: 0, y: 1, z: 0}
    - serializedVersion: 2
      pos: {x: 1, y: 1, z: 0}
    - serializedVersion: 2
      pos: {x: 0, y: 0, z: 0}
    - serializedVersion: 2
      pos: {x: 1, y: 0, z: 0}
    indices: 000001000200020001000300
    textureRect:
      serializedVersion: 2
      x: 0
      y: 0
      width: 32
      height: 32
    textureRectOffset: {x: 0, y: 0}
    settingsRaw: 128
    uvTransform: {x: 32, y: 0, z: 32, w: 0}
--- !u!213 &1739162419
Sprite:
  m_ObjectHideFlags: 0
  m_PrefabParentObject: {fileID: 0}
  m_PrefabInternal: {fileID: 0}
  m_Name: 1
  m_Rect:
    serializedVersion: 2
    x: 0
    y: 0
    width: 32
    height: 32
  m_Offset: {x: -16, y: -16}
  m_Border: {x: 0, y: 0, z: 0, w: 0}
  m_PixelsToUnits: 32
  m_Extrude: 0
  m_AtlasName: 
  m_PackingTag: 
  m_RD:
    texture: {fileID: 2800000, guid: 368672b332dce41efa962c6f2bb9fe01, type: 3}
    vertices:
    - serializedVersion: 2
      pos: {x: 0, y: 1, z: 0}
    - serializedVersion: 2
      pos: {x: 1, y: 1, z: 0}
    - serializedVersion: 2
      pos: {x: 0, y: 0, z: 0}
    - serializedVersion: 2
      pos: {x: 1, y: 0, z: 0}
    indices: 000001000200020001000300
    textureRect:
      serializedVersion: 2
      x: 0
      y: 0
      width: 32
      height: 32
    textureRectOffset: {x: 0, y: 0}
    settingsRaw: 128
    uvTransform: {x: 32, y: 0, z: 32, w: 0}
--- !u!1 &1762909215
GameObject:
  m_ObjectHideFlags: 0
  m_PrefabParentObject: {fileID: 0}
  m_PrefabInternal: {fileID: 0}
  serializedVersion: 4
  m_Component:
  - 4: {fileID: 1762909216}
  - 212: {fileID: 1762909217}
  m_Layer: 0
  m_Name: Tile Layer 1[46, 20]
  m_TagString: Untagged
  m_Icon: {fileID: 0}
  m_NavMeshLayer: 0
  m_StaticEditorFlags: 0
  m_IsActive: 1
--- !u!4 &1762909216
Transform:
  m_ObjectHideFlags: 0
  m_PrefabParentObject: {fileID: 0}
  m_PrefabInternal: {fileID: 0}
  m_GameObject: {fileID: 1762909215}
  m_LocalRotation: {x: 0, y: 0, z: 0, w: 1}
  m_LocalPosition: {x: 11.5, y: -5.25, z: 0}
  m_LocalScale: {x: 1, y: 1, z: 1}
  m_Children: []
  m_Father: {fileID: 508061905}
  m_RootOrder: 0
--- !u!212 &1762909217
SpriteRenderer:
  m_ObjectHideFlags: 0
  m_PrefabParentObject: {fileID: 0}
  m_PrefabInternal: {fileID: 0}
  m_GameObject: {fileID: 1762909215}
  m_Enabled: 1
  m_CastShadows: 0
  m_ReceiveShadows: 0
  m_LightmapIndex: 255
  m_LightmapTilingOffset: {x: 1, y: 1, z: 0, w: 0}
  m_Materials:
  - {fileID: 81278460}
  m_SubsetIndices: 
  m_StaticBatchRoot: {fileID: 0}
  m_UseLightProbes: 0
  m_LightProbeAnchor: {fileID: 0}
  m_ScaleInLightmap: 1
  m_SortingLayerID: 0
  m_SortingOrder: 0
  m_Sprite: {fileID: 1739162419}
  m_Color: {r: 1, g: 1, b: 1, a: 1}
--- !u!1 &1798465300
GameObject:
  m_ObjectHideFlags: 0
  m_PrefabParentObject: {fileID: 100028, guid: ac12b59baa8344d1aaa3f0d434de6482, type: 2}
  m_PrefabInternal: {fileID: 0}
  serializedVersion: 4
  m_Component:
  - 4: {fileID: 1798465301}
  - 114: {fileID: 1798465302}
  m_Layer: 0
  m_Name: Second World
  m_TagString: Untagged
  m_Icon: {fileID: 0}
  m_NavMeshLayer: 0
  m_StaticEditorFlags: 0
  m_IsActive: 1
--- !u!4 &1798465301
Transform:
  m_ObjectHideFlags: 0
  m_PrefabParentObject: {fileID: 400028, guid: ac12b59baa8344d1aaa3f0d434de6482, type: 2}
  m_PrefabInternal: {fileID: 0}
  m_GameObject: {fileID: 1798465300}
  m_LocalRotation: {x: 0, y: 0, z: 0, w: 1}
  m_LocalPosition: {x: 0, y: 0, z: 0}
  m_LocalScale: {x: 1, y: 1, z: 1}
  m_Children:
  - {fileID: 469659942}
  m_Father: {fileID: 1376591549}
  m_RootOrder: 0
--- !u!114 &1798465302
MonoBehaviour:
  m_ObjectHideFlags: 0
  m_PrefabParentObject: {fileID: 11400002, guid: ac12b59baa8344d1aaa3f0d434de6482,
    type: 2}
  m_PrefabInternal: {fileID: 0}
  m_GameObject: {fileID: 1798465300}
  m_Enabled: 1
  m_EditorHideFlags: 0
  m_Script: {fileID: 11500000, guid: 38be50e60827b454fa3ada30ad16a60c, type: 3}
  m_Name: 
  m_EditorClassIdentifier: 
  materialDefaultFile: {fileID: 2100000, guid: 1ec95c9c5bca4a349a717f754efded97, type: 2}
  MapTMX: {fileID: 4900000, guid: 9357fb2d3a04e401fad65e772d041a50, type: 3}
  MapTMXPath: GameMaps/
  DefaultSortingOrder: 0
  GenerateCollider: 0
  CollidersZDepth: []
  CollidersWidth: []
  CollidersLayerName: []
  CollidersIsInner: 
  CollidersIsTrigger: 
  MakeUniqueTiles: 1
  is2DCollider: 0
  isToLoadOnStart: 0
  addTileNameToColliderName: 1
--- !u!1 &1824673958
GameObject:
  m_ObjectHideFlags: 0
  m_PrefabParentObject: {fileID: 0}
  m_PrefabInternal: {fileID: 0}
  serializedVersion: 4
  m_Component:
  - 4: {fileID: 1824673959}
  m_Layer: 0
  m_Name: first_world
  m_TagString: Untagged
  m_Icon: {fileID: 0}
  m_NavMeshLayer: 0
  m_StaticEditorFlags: 0
  m_IsActive: 1
--- !u!4 &1824673959
Transform:
  m_ObjectHideFlags: 0
  m_PrefabParentObject: {fileID: 0}
  m_PrefabInternal: {fileID: 0}
  m_GameObject: {fileID: 1824673958}
  m_LocalRotation: {x: 0, y: 0, z: 0, w: 1}
  m_LocalPosition: {x: 0, y: 0, z: 0}
  m_LocalScale: {x: 1, y: 1, z: 1}
  m_Children:
  - {fileID: 506991405}
  - {fileID: 1250150710}
  m_Father: {fileID: 1990928158}
  m_RootOrder: 0
--- !u!1 &1836730859
GameObject:
  m_ObjectHideFlags: 0
  m_PrefabParentObject: {fileID: 0}
  m_PrefabInternal: {fileID: 0}
  serializedVersion: 4
  m_Component:
  - 4: {fileID: 1836730860}
  - 212: {fileID: 1836730861}
  m_Layer: 0
  m_Name: Tile Layer 1[22, 20]
  m_TagString: Untagged
  m_Icon: {fileID: 0}
  m_NavMeshLayer: 0
  m_StaticEditorFlags: 0
  m_IsActive: 1
--- !u!4 &1836730860
Transform:
  m_ObjectHideFlags: 0
  m_PrefabParentObject: {fileID: 0}
  m_PrefabInternal: {fileID: 0}
  m_GameObject: {fileID: 1836730859}
  m_LocalRotation: {x: 0, y: 0, z: 0, w: 1}
  m_LocalPosition: {x: 5.5, y: -5.25, z: 0}
  m_LocalScale: {x: 1, y: 1, z: 1}
  m_Children: []
  m_Father: {fileID: 508061905}
  m_RootOrder: 5
--- !u!212 &1836730861
SpriteRenderer:
  m_ObjectHideFlags: 0
  m_PrefabParentObject: {fileID: 0}
  m_PrefabInternal: {fileID: 0}
  m_GameObject: {fileID: 1836730859}
  m_Enabled: 1
  m_CastShadows: 0
  m_ReceiveShadows: 0
  m_LightmapIndex: 255
  m_LightmapTilingOffset: {x: 1, y: 1, z: 0, w: 0}
  m_Materials:
  - {fileID: 81278460}
  m_SubsetIndices: 
  m_StaticBatchRoot: {fileID: 0}
  m_UseLightProbes: 0
  m_LightProbeAnchor: {fileID: 0}
  m_ScaleInLightmap: 1
  m_SortingLayerID: 0
  m_SortingOrder: 0
  m_Sprite: {fileID: 177339666}
  m_Color: {r: 1, g: 1, b: 1, a: 1}
--- !u!1 &1844143747
GameObject:
  m_ObjectHideFlags: 0
  m_PrefabParentObject: {fileID: 0}
  m_PrefabInternal: {fileID: 0}
  serializedVersion: 4
  m_Component:
  - 4: {fileID: 1844143748}
  - 212: {fileID: 1844143749}
  m_Layer: 0
  m_Name: Ground[12, 31]
  m_TagString: Untagged
  m_Icon: {fileID: 0}
  m_NavMeshLayer: 0
  m_StaticEditorFlags: 0
  m_IsActive: 1
--- !u!4 &1844143748
Transform:
  m_ObjectHideFlags: 0
  m_PrefabParentObject: {fileID: 0}
  m_PrefabInternal: {fileID: 0}
  m_GameObject: {fileID: 1844143747}
  m_LocalRotation: {x: 0, y: 0, z: 0, w: 1}
  m_LocalPosition: {x: 12, y: -32, z: 0}
  m_LocalScale: {x: 1, y: 1, z: 1}
  m_Children: []
  m_Father: {fileID: 506991405}
  m_RootOrder: 10
--- !u!212 &1844143749
SpriteRenderer:
  m_ObjectHideFlags: 0
  m_PrefabParentObject: {fileID: 0}
  m_PrefabInternal: {fileID: 0}
  m_GameObject: {fileID: 1844143747}
  m_Enabled: 1
  m_CastShadows: 0
  m_ReceiveShadows: 0
  m_LightmapIndex: 255
  m_LightmapTilingOffset: {x: 1, y: 1, z: 0, w: 0}
  m_Materials:
  - {fileID: 716336221}
  m_SubsetIndices: 
  m_StaticBatchRoot: {fileID: 0}
  m_UseLightProbes: 0
  m_LightProbeAnchor: {fileID: 0}
  m_ScaleInLightmap: 1
  m_SortingLayerID: 0
  m_SortingOrder: 0
  m_Sprite: {fileID: 1140386554}
  m_Color: {r: 1, g: 1, b: 1, a: 1}
--- !u!1 &1864159275
GameObject:
  m_ObjectHideFlags: 0
  m_PrefabParentObject: {fileID: 0}
  m_PrefabInternal: {fileID: 0}
  serializedVersion: 4
  m_Component:
  - 4: {fileID: 1864159276}
  - 212: {fileID: 1864159277}
  m_Layer: 0
  m_Name: Ground[13, 31]
  m_TagString: Untagged
  m_Icon: {fileID: 0}
  m_NavMeshLayer: 0
  m_StaticEditorFlags: 0
  m_IsActive: 1
--- !u!4 &1864159276
Transform:
  m_ObjectHideFlags: 0
  m_PrefabParentObject: {fileID: 0}
  m_PrefabInternal: {fileID: 0}
  m_GameObject: {fileID: 1864159275}
  m_LocalRotation: {x: 0, y: 0, z: 0, w: 1}
  m_LocalPosition: {x: 13, y: -32, z: 0}
  m_LocalScale: {x: 1, y: 1, z: 1}
  m_Children: []
  m_Father: {fileID: 506991405}
  m_RootOrder: 9
--- !u!212 &1864159277
SpriteRenderer:
  m_ObjectHideFlags: 0
  m_PrefabParentObject: {fileID: 0}
  m_PrefabInternal: {fileID: 0}
  m_GameObject: {fileID: 1864159275}
  m_Enabled: 1
  m_CastShadows: 0
  m_ReceiveShadows: 0
  m_LightmapIndex: 255
  m_LightmapTilingOffset: {x: 1, y: 1, z: 0, w: 0}
  m_Materials:
  - {fileID: 716336221}
  m_SubsetIndices: 
  m_StaticBatchRoot: {fileID: 0}
  m_UseLightProbes: 0
  m_LightProbeAnchor: {fileID: 0}
  m_ScaleInLightmap: 1
  m_SortingLayerID: 0
  m_SortingOrder: 0
  m_Sprite: {fileID: 296086030}
  m_Color: {r: 1, g: 1, b: 1, a: 1}
--- !u!1 &1928291288
GameObject:
  m_ObjectHideFlags: 0
  m_PrefabParentObject: {fileID: 0}
  m_PrefabInternal: {fileID: 0}
  serializedVersion: 4
  m_Component:
  - 4: {fileID: 1928291289}
  - 212: {fileID: 1928291290}
  m_Layer: 0
  m_Name: Tile Layer 1[30, 20]
  m_TagString: Untagged
  m_Icon: {fileID: 0}
  m_NavMeshLayer: 0
  m_StaticEditorFlags: 0
  m_IsActive: 1
--- !u!4 &1928291289
Transform:
  m_ObjectHideFlags: 0
  m_PrefabParentObject: {fileID: 0}
  m_PrefabInternal: {fileID: 0}
  m_GameObject: {fileID: 1928291288}
  m_LocalRotation: {x: 0, y: 0, z: 0, w: 1}
  m_LocalPosition: {x: 7.5, y: -5.25, z: 0}
  m_LocalScale: {x: 1, y: 1, z: 1}
  m_Children: []
  m_Father: {fileID: 508061905}
  m_RootOrder: 4
--- !u!212 &1928291290
SpriteRenderer:
  m_ObjectHideFlags: 0
  m_PrefabParentObject: {fileID: 0}
  m_PrefabInternal: {fileID: 0}
  m_GameObject: {fileID: 1928291288}
  m_Enabled: 1
  m_CastShadows: 0
  m_ReceiveShadows: 0
  m_LightmapIndex: 255
  m_LightmapTilingOffset: {x: 1, y: 1, z: 0, w: 0}
  m_Materials:
  - {fileID: 81278460}
  m_SubsetIndices: 
  m_StaticBatchRoot: {fileID: 0}
  m_UseLightProbes: 0
  m_LightProbeAnchor: {fileID: 0}
  m_ScaleInLightmap: 1
  m_SortingLayerID: 0
  m_SortingOrder: 0
  m_Sprite: {fileID: 781150107}
  m_Color: {r: 1, g: 1, b: 1, a: 1}
--- !u!1 &1937389845
GameObject:
  m_ObjectHideFlags: 0
  m_PrefabParentObject: {fileID: 0}
  m_PrefabInternal: {fileID: 0}
  serializedVersion: 4
  m_Component:
  - 4: {fileID: 1937389846}
  - 212: {fileID: 1937389847}
  m_Layer: 0
  m_Name: Ground[8, 31]
  m_TagString: Untagged
  m_Icon: {fileID: 0}
  m_NavMeshLayer: 0
  m_StaticEditorFlags: 0
  m_IsActive: 1
--- !u!4 &1937389846
Transform:
  m_ObjectHideFlags: 0
  m_PrefabParentObject: {fileID: 0}
  m_PrefabInternal: {fileID: 0}
  m_GameObject: {fileID: 1937389845}
  m_LocalRotation: {x: 0, y: 0, z: 0, w: 1}
  m_LocalPosition: {x: 8, y: -32, z: 0}
  m_LocalScale: {x: 1, y: 1, z: 1}
  m_Children: []
  m_Father: {fileID: 506991405}
  m_RootOrder: 14
--- !u!212 &1937389847
SpriteRenderer:
  m_ObjectHideFlags: 0
  m_PrefabParentObject: {fileID: 0}
  m_PrefabInternal: {fileID: 0}
  m_GameObject: {fileID: 1937389845}
  m_Enabled: 1
  m_CastShadows: 0
  m_ReceiveShadows: 0
  m_LightmapIndex: 255
  m_LightmapTilingOffset: {x: 1, y: 1, z: 0, w: 0}
  m_Materials:
  - {fileID: 716336221}
  m_SubsetIndices: 
  m_StaticBatchRoot: {fileID: 0}
  m_UseLightProbes: 0
  m_LightProbeAnchor: {fileID: 0}
  m_ScaleInLightmap: 1
  m_SortingLayerID: 0
  m_SortingOrder: 0
  m_Sprite: {fileID: 1251177379}
  m_Color: {r: 1, g: 1, b: 1, a: 1}
--- !u!213 &1940898258
Sprite:
  m_ObjectHideFlags: 0
  m_PrefabParentObject: {fileID: 0}
  m_PrefabInternal: {fileID: 0}
  m_Name: 1
  m_Rect:
    serializedVersion: 2
    x: 0
    y: 0
    width: 32
    height: 32
  m_Offset: {x: -16, y: -16}
  m_Border: {x: 0, y: 0, z: 0, w: 0}
  m_PixelsToUnits: 32
  m_Extrude: 0
  m_AtlasName: 
  m_PackingTag: 
  m_RD:
    texture: {fileID: 2800000, guid: 368672b332dce41efa962c6f2bb9fe01, type: 3}
    vertices:
    - serializedVersion: 2
      pos: {x: 0, y: 1, z: 0}
    - serializedVersion: 2
      pos: {x: 1, y: 1, z: 0}
    - serializedVersion: 2
      pos: {x: 0, y: 0, z: 0}
    - serializedVersion: 2
      pos: {x: 1, y: 0, z: 0}
    indices: 000001000200020001000300
    textureRect:
      serializedVersion: 2
      x: 0
      y: 0
      width: 32
      height: 32
    textureRectOffset: {x: 0, y: 0}
    settingsRaw: 128
    uvTransform: {x: 32, y: 0, z: 32, w: 0}
--- !u!1 &1990928157
GameObject:
  m_ObjectHideFlags: 0
  m_PrefabParentObject: {fileID: 100080, guid: ac12b59baa8344d1aaa3f0d434de6482, type: 2}
  m_PrefabInternal: {fileID: 0}
  serializedVersion: 4
  m_Component:
  - 4: {fileID: 1990928158}
  - 114: {fileID: 1990928159}
  m_Layer: 0
  m_Name: First World
  m_TagString: Untagged
  m_Icon: {fileID: 0}
  m_NavMeshLayer: 0
  m_StaticEditorFlags: 0
  m_IsActive: 1
--- !u!4 &1990928158
Transform:
  m_ObjectHideFlags: 0
  m_PrefabParentObject: {fileID: 400080, guid: ac12b59baa8344d1aaa3f0d434de6482, type: 2}
  m_PrefabInternal: {fileID: 0}
  m_GameObject: {fileID: 1990928157}
  m_LocalRotation: {x: 0, y: 0, z: 0, w: 1}
  m_LocalPosition: {x: -7.73430014, y: 27.8290005, z: 0}
  m_LocalScale: {x: 1, y: 1, z: 1}
  m_Children:
  - {fileID: 1824673959}
  m_Father: {fileID: 1376591549}
  m_RootOrder: 1
--- !u!114 &1990928159
MonoBehaviour:
  m_ObjectHideFlags: 0
  m_PrefabParentObject: {fileID: 11400004, guid: ac12b59baa8344d1aaa3f0d434de6482,
    type: 2}
  m_PrefabInternal: {fileID: 0}
  m_GameObject: {fileID: 1990928157}
  m_Enabled: 1
  m_EditorHideFlags: 0
  m_Script: {fileID: 11500000, guid: 38be50e60827b454fa3ada30ad16a60c, type: 3}
  m_Name: 
  m_EditorClassIdentifier: 
  materialDefaultFile: {fileID: 2100000, guid: 1ec95c9c5bca4a349a717f754efded97, type: 2}
  MapTMX: {fileID: 4900000, guid: 8010f72dc33d54598a969a2d91075645, type: 3}
  MapTMXPath: GameMaps/
  DefaultSortingOrder: 0
  GenerateCollider: 1
  CollidersZDepth:
  - 0
  CollidersWidth:
  - 1
  CollidersLayerName:
  - Collisions
  CollidersIsInner: 00
  CollidersIsTrigger: 00
  MakeUniqueTiles: 1
  is2DCollider: 1
  isToLoadOnStart: 0
  addTileNameToColliderName: 1
--- !u!213 &2014283397
Sprite:
  m_ObjectHideFlags: 0
  m_PrefabParentObject: {fileID: 0}
  m_PrefabInternal: {fileID: 0}
  m_Name: 1
  m_Rect:
    serializedVersion: 2
    x: 0
    y: 0
    width: 32
    height: 32
  m_Offset: {x: -16, y: -16}
  m_Border: {x: 0, y: 0, z: 0, w: 0}
  m_PixelsToUnits: 32
  m_Extrude: 0
  m_AtlasName: 
  m_PackingTag: 
  m_RD:
    texture: {fileID: 2800000, guid: 368672b332dce41efa962c6f2bb9fe01, type: 3}
    vertices:
    - serializedVersion: 2
      pos: {x: 0, y: 1, z: 0}
    - serializedVersion: 2
      pos: {x: 1, y: 1, z: 0}
    - serializedVersion: 2
      pos: {x: 0, y: 0, z: 0}
    - serializedVersion: 2
      pos: {x: 1, y: 0, z: 0}
    indices: 000001000200020001000300
    textureRect:
      serializedVersion: 2
      x: 0
      y: 0
      width: 32
      height: 32
    textureRectOffset: {x: 0, y: 0}
    settingsRaw: 128
    uvTransform: {x: 32, y: 0, z: 32, w: 0}
--- !u!213 &2036006136
Sprite:
  m_ObjectHideFlags: 0
  m_PrefabParentObject: {fileID: 0}
  m_PrefabInternal: {fileID: 0}
  m_Name: 1
  m_Rect:
    serializedVersion: 2
    x: 0
    y: 0
    width: 32
    height: 32
  m_Offset: {x: -16, y: -16}
  m_Border: {x: 0, y: 0, z: 0, w: 0}
  m_PixelsToUnits: 32
  m_Extrude: 0
  m_AtlasName: 
  m_PackingTag: 
  m_RD:
    texture: {fileID: 2800000, guid: 368672b332dce41efa962c6f2bb9fe01, type: 3}
    vertices:
    - serializedVersion: 2
      pos: {x: 0, y: 1, z: 0}
    - serializedVersion: 2
      pos: {x: 1, y: 1, z: 0}
    - serializedVersion: 2
      pos: {x: 0, y: 0, z: 0}
    - serializedVersion: 2
      pos: {x: 1, y: 0, z: 0}
    indices: 000001000200020001000300
    textureRect:
      serializedVersion: 2
      x: 0
      y: 0
      width: 32
      height: 32
    textureRectOffset: {x: 0, y: 0}
    settingsRaw: 128
    uvTransform: {x: 32, y: 0, z: 32, w: 0}
--- !u!1 &2120764940
GameObject:
  m_ObjectHideFlags: 0
  m_PrefabParentObject: {fileID: 0}
  m_PrefabInternal: {fileID: 0}
  serializedVersion: 4
  m_Component:
  - 4: {fileID: 2120764941}
  - 212: {fileID: 2120764942}
  m_Layer: 0
  m_Name: Ground[16, 31]
  m_TagString: Untagged
  m_Icon: {fileID: 0}
  m_NavMeshLayer: 0
  m_StaticEditorFlags: 0
  m_IsActive: 1
--- !u!4 &2120764941
Transform:
  m_ObjectHideFlags: 0
  m_PrefabParentObject: {fileID: 0}
  m_PrefabInternal: {fileID: 0}
  m_GameObject: {fileID: 2120764940}
  m_LocalRotation: {x: 0, y: 0, z: 0, w: 1}
  m_LocalPosition: {x: 16, y: -32, z: 0}
  m_LocalScale: {x: 1, y: 1, z: 1}
  m_Children: []
  m_Father: {fileID: 506991405}
  m_RootOrder: 6
--- !u!212 &2120764942
SpriteRenderer:
  m_ObjectHideFlags: 0
  m_PrefabParentObject: {fileID: 0}
  m_PrefabInternal: {fileID: 0}
  m_GameObject: {fileID: 2120764940}
  m_Enabled: 1
  m_CastShadows: 0
  m_ReceiveShadows: 0
  m_LightmapIndex: 255
  m_LightmapTilingOffset: {x: 1, y: 1, z: 0, w: 0}
  m_Materials:
  - {fileID: 716336221}
  m_SubsetIndices: 
  m_StaticBatchRoot: {fileID: 0}
  m_UseLightProbes: 0
  m_LightProbeAnchor: {fileID: 0}
  m_ScaleInLightmap: 1
  m_SortingLayerID: 0
  m_SortingOrder: 0
  m_Sprite: {fileID: 39087144}
  m_Color: {r: 1, g: 1, b: 1, a: 1}
